2752 4794
328 100 540 165 Posteriorum
565 99 646 164 enirn
669 100 841 181 temporum
866 100 1065 182 grammatici
1089 119 1157 164 oum
1182 118 1327 164 111111-

228 202 308 265 tiore
339 201 497 266 comoedia
523 201 686 283 antiquam
716 200 869 265 indomita
905 200 960 265 illa
988 201 1115 266 licentia
1144 200 1266 266 differre
1296 203 1327 266 et

229 301 417 384 accepissent
439 301 638 379 striderent,
662 301 781 366 duabus
802 301 997 384 potissimum
1021 301 1079 365 viis
1100 301 1252 384 progressi
1275 320 1326 366 eu·

231 401 344 482 plicare
367 400 543 477 studebant,
566 400 719 482 quomodo
734 400 851 465 factum
867 402 946 464 esset
967 401 1011 479 ut,
1028 400 1109 483 quod
1132 400 1241 464 ceteris
1264 419 1325 465 non

228 501 374 578 licuisset,
403 500 522 564 ciuibus
552 500 698 564 nimirum
726 501 756 564 et
779 500 1016 583 magistratibus
1039 500 1250 578 maledicere,
1273 521 1326 564 vo·

228 602 303 666 teris
326 601 499 666 comoediae
521 601 618 683 poetis
648 620 708 665 non
730 601 829 665 sulum
860 601 975 681 liceret,
1005 601 1057 666 sed
1080 601 1165 666 velut
1187 601 1325 667 officium

229 702 384 786 quoddam
406 701 585 784 impositum
609 701 772 766 videretur.

328 803 369 866 Et
406 802 540 885 primum
569 801 692 885 quidem
723 802 902 881 Platonius,
933 803 1072 886 quisquis
1102 802 1154 867 ille
1184 802 1245 867 fuit
1272 804 1325 885 qui

228 903 464 987 praestantioris
493 904 584 967 notae
608 902 758 985 quaedam
781 901 859 984 περὶ
887 902 1049 990 διαφορᾶς
1071 903 1252 988 κωμῳδιῶν
1274 923 1325 968 co-

229 1005 348 1070 dicibus
371 1004 605 1086 Aristophaneis
628 1004 761 1085 praefixa
777 1005 940 1088 congessit,
962 1005 1007 1069 ita
1030 1023 1094 1069 rem
1118 1005 1266 1082 instituit,
1291 1005 1325 1068 ut

229 1104 355 1169 Atticae
369 1103 506 1169 civitatis
522 1104 694 1182 historiam,
710 1124 803 1188 quam
818 1105 894 1170 bene
909 1104 1035 1169 edoctus
1056 1106 1131 1184 erat,
1148 1106 1326 1188 sequeretur

228 1205 316 1286 eique
331 1202 504 1268 comoediae
516 1203 682 1291 ‚historiam
697 1204 869 1286 adaptaret.
912 1223 1101 1287 quamquam
1116 1205 1170 1287 qui
1185 1204 1324 1270 codicum

229 1306 324 1370 istum
347 1303 511 1386 prologum
530 1305 655 1386 scripsit
676 1305 740 1386 ipse
755 1306 864 1370 auctor
878 1306 942 1369 eius
957 1324 1153 1388 nequaquam
1168 1305 1325 1372 habendus

228 1407 283 1471 est.
326 1406 421 1469 immo
437 1423 472 1468 ea
487 1407 533 1471 est
549 1406 793 1471 commentarioli
807 1406 892 1470 illius
908 1406 1021 1472 natura
1043 1408 1078 1471 ut
1101 1408 1184 1472 certa
1206 1407 1326 1471 ratione

229 1506 434 1571 demonstrari
456 1507 553 1589 possit
576 1493 728 1588 quomodo
750 1507 829 1571 hano
852 1506 985 1572 formam
1005 1506 1151 1571 induerit.
1200 1507 1232 1571 id
1254 1526 1324 1573 curn

229 1607 261 1675 in
284 1607 410 1672 ariotore
437 1607 518 1673 inter
541 1607 703 1689 primarios
733 1608 772 1671 ab
794 1607 936 1672 omnibus
958 1607 1065 1673 habito
1088 1626 1149 1672 non
1169 1607 1257 1689 parvi
1282 1608 1324 1672 11-

230 1708 339 1773 deatur
362 1709 521 1784 momenti,
546 1727 639 1792 quam
661 1707 847 1773 brevissimis
870 1708 1037 1790 expediam.

328 1810 549 1874 Diversitatem
581 1809 680 1892 igitur
711 1828 789 1892 quae
820 1809 901 1875 inter
938 1813 1100 1895 antiquam
1132 1814 1163 1877 ot
1191 1813 1324 1878 mediam

229 1909 421 1974 comoediam
443 1929 659 1993 —nusquam
691 1911 842 1975 memorat
871 1930 984 1977 novam
1014 1948 1053 1956 -
1082 1912 1262 1991 intercedat,
1291 1932 1324 1977 eo

229 2009 330 2073 ortam
351 2028 416 2074 esse
430 2009 593 2075 Platonius
612 2010 689 2076 dicit
711 2011 791 2095 quod
814 2011 896 2095 apud
919 2011 1120 2076 Athenienses
1135 2011 1325 2093 temporibus

230 2107 447 2192 Aristophanis
463 2109 582 2175 Cratini
598 2111 758 2193 Eupolidis
780 2112 926 2194 populare
947 2112 1040 2176 fuerit
1063 2112 1234 2195 imperium.
1272 2132 1325 2195 po·

230 2211 337 2293 pulum
354 2229 434 2289 vero,
450 2211 638 2276 invidentem
654 2211 813 2291 divitibus,
829 2213 1012 2277 concessisse
1027 2212 1202 2277 comoediae
1217 2213 1324 2294 poetis,

231 2311 266 2373 ut
290 2328 381 2394 quem
402 2313 516 2377 vellent
544 2313 669 2396 impune
698 2313 928 2379 cavillarentur.
972 2313 1054 2396 quod
1084 2332 1154 2378 cum
1183 2312 1326 2376 licentius

230 2411 359 2495 quidam
379 2412 523 2490 facerent,
540 2414 662 2479 labente
676 2413 841 2497 paullatim
856 2413 953 2495 plebis
975 2414 1126 2495 potestate
1141 2431 1326 2495 paucorum·

230 2530 289 2594 que
313 2511 444 2596 denique
470 2514 598 2596 imperio
628 2514 796 2579 constituto
819 2514 966 2579 accidisse
995 2515 1030 2577 ut
1052 2532 1164 2596 poenas
1187 2533 1205 2578 a
1227 2513 1325 2596 poetis

229 2613 405 2695 superbiore
424 2615 542 2697 impetu
563 2614 699 2696 abreptis
721 2615 860 2696 potentes
882 2614 1028 2696 peterent,
1049 2613 1243 2679 remitterent
1265 2613 1325 2695 ipsi

229 2715 337 2797 poetae
359 2714 440 2779 male
462 2714 584 2779 dicendi
614 2713 876 2780 consuetudinem.
919 2714 1044 2779 desiisse
1063 2714 1165 2793 simul,
1194 2731 1325 2797 quorum

229 2814 329 2880 adhuc
351 2814 510 2898 publicum
525 2834 636 2879 munus
652 2815 770 2894 fuisset,
794 2816 943 2898 choragos
957 2816 996 2881 ab
1012 2815 1251 2881 Atheniensibus
1273 2814 1326 2879 de-

228 2915 356 2998 signari.
396 2914 442 2980 ita
455 2915 590 2980 evenisse
605 2916 726 2980 fabulas
741 2916 847 2998 quales
864 2915 1081 2997 Aristophanis
1094 2914 1326 2980 Aeolosiconem

229 3016 411 3098 Gratinique
433 3016 547 3082 Ulixes.

326 3117 364 3181 In
386 3115 982 3198 1111611111ὴὶ1111111111(1.28-43
1002 3116 1048 3180 ed.
1065 3115 1216 3198 Dribneri)
1234 3117 1325 3198 quale

229 3217 392 3282 'consilium
422 3218 544 3282 secutus
569 3217 615 3281 'sit
644 3235 789 3299 quaerere
818 3216 1085 3300 operaepretium
1118 3215 1172 3280 est.
1227 3216 1326 3281 tradit

228 3320 327 3402 igitur
347 3318 542 3384 Aeolosiconi
561 3321 600 3385 ab
616 3318 825 3401 Aristophane
842 3319 976 3401 scriptae
998 3319 1120 3384 cantica
1142 3319 1252 3385 deesse.
1291 3339 1327 3386 sc

229 3420 310 3485 enim
333 3420 426 3486 simul
456 3438 531 3484 cum·
558 3420 699 3503 choragis
728 3418 874 3485 defecisse
902 3419 933 3484 et
961 3438 1042 3485 nova
1075 3420 1259 3504 argumenta
1294 3421 1327 3485 in

227 3537 320 3583 usum
342 3520 470 3585 venisse.
513 3520 560 3585 ita
582 3519 824 3602 Aristophanem
845 3518 1019 3584 traduxisse
1048 3518 1179 3585 Aeolum
1202 3519 1328 3602 Euripi-

228 3619 322 3686 diam.
366 3620 399 3684 in
422 3620 469 3686 his
490 3620 573 3686 haud
594 3638 694 3705 pauca
715 3621 789 3686 sunt
811 3638 890 3702 quae
911 3618 1027 3704 legenti
1048 3620 1129 3685 mira
1150 3620 1328 3687 videantur.

228 3720 311 3786 iusto
327 3721 409 3788 enim
426 3721 577 3806 copiosius
592 3723 773 3807 repetuntur
789 3741 819 3788 1.
832 3722 881 3787 32.
898 3723 938 3787 33
954 3720 1328 3807 1116111116(1.29.30)
