2752 4794
667 326 709 394 84

141 526 309 578 accusasse.
352 509 482 594 populus
496 509 601 575 autem
614 508 641 574 ei
658 509 820 575 obsecutus
834 526 908 586 esse,
927 506 999 574 (ileo
1011 508 1120 574 deinde
1130 509 1241 591 poetae

142 631 196 695 per
210 607 404 696 εἶςαγγελίαν
420 609 502 693 apud
524 610 665 676 senatum
687 609 775 674 litem
796 608 964 674 intendisse
985 609 1117 688 videtur,
1139 628 1241 692 qnan-

141 711 308 794 doquidem
329 711 553 793 Aristophanes
574 710 651 774 dicit
673 709 764 788 (Aah.
787 710 862 792 379)

240 804 521 896 οἶσελκύσαςῑγᾶρ
531 809 564 892 μ’
580 803 663 887 dcco*
683 802 987 895 βουλευτήριον

240 910 388 994 διέβαλλε
404 906 467 977 roci.

144 1011 177 1077 in
210 1014 319 1078 senatu
351 1014 456 1078 autem
478 1013 574 1095 poeta
596 1011 667 1095 post
687 1028 842 1076 summurn
864 1011 1029 1077 discrimen
1061 1011 1135 1093 (381
1158 1005 1240 1077 ὥστ’

142 1104 253 1197 ὀλίγον
275 1107 361 1177 πάνυ
382 1103 576 1196 ἀπωλόμην)
599 1130 697 1194 poena
718 1111 838 1176 solutus
860 1112 938 1176 oste.

239 1213 291 1279 sed
303 1213 433 1280 certiore
448 1213 563 1278 iudicio
582 1211 826 1289 confirmandum
842 1213 888 1276 est
907 1211 1103 1294 qualefuerit
1121 1214 1240 1278 crimen

138 1313 221 1396 quod
242 1313 350 1395 poetae
365 1310 436 1378 (ileo
459 1312 635 1377 obverterit.
676 1313 770 1394 atque
791 1332 825 1376 er
840 1312 1091 1377 Achemensibus
1113 1314 1238 1396 quidem

138 1431 293 1478 summam
315 1412 449 1477 vidimus
470 1413 678 1478 accusationis
699 1413 732 1476 in
754 1430 788 1476 co
811 1413 967 1478 versatam
989 1431 1053 1478 esse
1078 1414 1160 1495 quod
1182 1433 1239 1496 po·

138 1512 211 1596 pulo
233 1513 324 1578 sociis
344 1513 555 1596 praesentibus
583 1513 674 1596 poeta
698 1512 927 1581 maledixisset
951 1548 992 1559 -
1013 1515 1126 1596 quibus
1149 1514 1239 1581 addit

136 1612 257 1697 aliquid
278 1613 417 1679 scholion
448 1613 527 1679 illud
554 1613 632 1679 Ach.
659 1614 721 1678 378
750 1613 831 1696 quod
859 1614 1071 1680 intelleximus
1102 1616 1239 1698 optimae

139 1714 231 1778 notae
250 1713 431 1780 memoriam
452 1731 608 1780 servasse:
692 1719 694 1724 '

239 1808 404 1900 ἐγράψατο
416 1805 515 1881 uicto
529 1805 654 1893 ἀδικίας
669 1812 716 1893 εἷς
729 1811 807 1894 τοὺς
821 1815 958 1894 πολίτας
975 1810 1028 1893 ὥς
1049 1812 1108 1893 εἰς
1119 1811 1192 1898 sirie
1201 1840 1238 1881 ιν

136 1915 208 1980 τοῦ
236 1908 445 2001 δήμουκαί
468 1918 539 2002 τῆς
566 1917 744 2002 βουλῆς8
769 1914 898 1981 ταῦτα
922 1911 1188 2002 πεποιηκότα.

239 2133 249 2165 ¹
267 2124 425 2190 εἰσελκύσας
449 2134 616 2200 nonpotest
638 2131 675 2186 ad
697 2127 850 2202 ἀπαγωγήν
873 2132 1025 2186 similemve
1049 2133 1237 2188 accusationis

137 2219 254 2274 formam
266 2220 414 2288 pertinere.
452 2219 602 2289 suspicerIs
614 2220 709 2289 potius
720 2219 850 2275 Cleonem
862 2221 890 2275 vi
902 2237 1040 2290 manuque
1053 2221 1083 2274 in
1101 2221 1235 2276 iudicium

137 2311 250 2377 poetam
268 2306 453 2363 arcessivisse.
465 2303 468 2310 '

238 2394 308 2450 ²De
332 2397 420 2455 ξενίας
437 2395 553 2451 crimine
576 2395 652 2465 quod
671 2395 736 2452 Oleo
754 2395 936 2465 Aristophani
957 2395 1091 2452 obiecisse
1109 2397 1235 2452 traditur

138 2499 213 2538 nimo
230 2486 316 2538 taceo.
353 2483 388 2538 dc
404 2482 487 2554 Vesp.
509 2485 579 2539 1284
597 2501 635 2553 sq.
656 2483 772 2553 atquae
792 2484 827 2539 ad
846 2483 965 2539 eundem
984 2485 1074 2540 locum
1092 2485 1236 2554 pertinent

137 2587 163 2628 v.
188 2570 283 2640 Bergk
301 2571 319 2626 l.
341 2588 362 2626 a.
380 2588 408 2642 p.
429 2573 489 2627 937.
536 2572 622 2627 tertia
642 2589 709 2627 vero
728 2573 797 2627 haec
815 2590 897 2643 quam
915 2572 1063 2642 Equitibus
1091 2577 1155 2628 acta
1173 2575 1237 2627 Ari·

138 2660 268 2730 stephani
286 2659 366 2714 litem
383 2660 505 2715 intendit
523 2679 589 2715 num
611 2660 679 2715 item
697 2677 748 2731 per
759 2661 909 2734 probolam
928 2661 1002 2715 tacta
1019 2661 1056 2715 sit
1074 2660 1236 2732 ignoramus

137 2779 170 2789 -
178 2747 249 2802 nihil
259 2748 331 2802 enim
342 2747 377 2802 de
385 2749 516 2803 contione
526 2748 704 2819 postLenaea
713 2749 860 2819 quotannis
872 2747 1050 2804 convocanda
1061 2753 1236 2818 compertum

18 2851 22 2859 ’
136 2841 187 2892 cat.
207 2835 387 2906 eVesparum
406 2842 499 2892 autem
511 2854 536 2892 v.
551 2839 619 2891 1284
631 2835 667 2896 ὠς
678 2831 893 2907 καταδιηλλάγην
906 2841 933 2892 et
948 2839 1017 2890 1290
1030 2831 1084 2891 ὑπό
1099 2832 1120 2890 ιι
1133 2835 1238 2909 μικρὸν

137 2921 288 2992 ἐπιθήκισα
298 2925 550 2994 coneeqnividetur
569 2926 643 2979 inter
653 2925 782 2980 Cleonem
795 2942 927 2995 reumque
940 2931 1052 2995 poetam
1070 2942 1129 2979 rem
1146 2937 1237 2981 trana-

140 3018 232 3068 actam
251 3031 319 3078 ease,
338 3018 485 3083 antequam
504 3014 533 3068 in
550 3013 654 3070 iudicio
673 3018 812 3085 ageretur.
849 3014 884 3069 cl.
908 3014 992 3070 schol.
1012 3014 1093 3084 Vesp.
1121 3016 1235 3069 1284-

140 3105 185 3155 aar
202 3099 242 3174 μὴ
263 3102 416 3173 εἰσαγωγῆς
433 3098 501 3155 ἀλλὰ
519 3099 630 3170 ἀπειλῆς
647 3119 726 3166 τινος,
746 3098 815 3172 ὅπερ
834 3106 879 3156 καὶ
899 3104 1006 3173 μᾶλλον
1023 3103 1198 3174 ἐμφαίνεται.

238 3189 297 3243 ³in
322 3189 484 3244 memoriam
502 3189 555 3244 hoc
578 3189 640 3245 loco
663 3189 850 3254 revocandum
870 3189 981 3244 videtur
1009 3189 1129 3243 dlvinam
1148 3189 1236 3246 fuisso

137 3275 233 3348 populi
250 3293 396 3347 personam
415 3277 493 3332 cuius
520 3277 673 3346 imaginum
696 3295 713 3331 a
736 3277 891 3347 pictoribus
919 3275 1142 3346 sculptoribuave
1168 3294 1235 3332 con-

138 3364 273 3421 fectarum
293 3365 422 3434 frequens
452 3369 529 3420 extat
550 3365 685 3420 memoria
709 3365 754 3434 (oi.
782 3365 885 3418 Brunn.
904 3363 1063 3442 histartif.
1086 3364 1098 3417 Ι
1123 3382 1149 3434 p.
1172 3368 1234 3422 887.

137 3455 197 3510 558.
216 3453 488 3523 11p.99.154.183).
525 3453 637 3523 publice
655 3453 773 3507 Athenis
791 3453 887 3523 populi
906 3470 1007 3508 nomen
1026 3453 1085 3507 deis
1104 3453 1232 3508 additum

138 3556 198 3596 esse
216 3547 330 3610 praeter
348 3543 456 3595 ceteros
474 3541 574 3596 titulus
592 3543 715 3595 testatur
733 3558 777 3610 ap.
800 3539 924 3611 Itangab.
943 3544 999 3595 ant.
1018 3540 1083 3596 hell.
1102 3541 1115 3594 I
1133 3559 1160 3610 p.
1182 3538 1244 3596 318·

136 3629 342 3698 (ΗΡΑΚΛΗΣ
349 3632 487 3684 ΑΘΗΝΛ
500 3629 663 3698 ΔΗΜΟΣ).
684 3628 788 3698 populo
799 3628 1009 3682 Atheniensium
1021 3628 1235 3684 Cherroneaitae

136 3731 214 3770 aram
241 3715 367 3769 condunt
393 3713 471 3771 Dem.
492 3715 591 3784 XVIII,
617 3715 669 3771 92:
692 3719 738 3769 καὶ
762 3710 880 3788 Χάριτος
902 3714 1000 3788 βωμὸν
1022 3710 1159 3786 ἱδρύονται
1184 3723 1235 3771 καὶ

136 3799 235 3876 Δήμου
251 3799 424 3870 Ἀθηναίων.
463 3803 536 3872 quod
555 3821 613 3858 non
639 3803 798 3859 dubItamus
816 3805 883 3872 quin
905 3820 1104 3872 saepenumero
1126 3804 1233 3861 factum

135 3893 178 3947 sit.
199 3891 233 3947 cf.
246 3891 386 3947 Welclreri
403 3892 480 3947 deor.
493 3909 585 3964 graec.
604 3892 694 3948 doctr.
709 3892 735 3945 II
752 3910 778 3963 p.
800 3893 860 3946 224.
875 3894 920 3946 25.
932 3893 1051 3962 populus
1070 3895 1099 3947 et
1118 3899 1234 3950 senatus

134 3979 337 4048 repraesentati
354 3979 486 4035 videntur
500 3981 530 4034 in
548 3983 647 4050 ectypo
667 3979 743 4049 quod
755 3979 877 4034 invenies
895 3979 971 4034 inter
982 3979 1110 4035 Schoenii
1129 3986 1232 4052 ectypa

43 4122 44 4126 ,
135 4082 237 4137 graeca
256 4067 312 4121 tab.
326 4065 398 4136 XVI,
417 4069 451 4125 75
470 4085 497 4137 p.
516 4070 561 4124 42.
592 4068 741 4123 certiorem
760 4072 853 4122 autem
870 4068 959 4138 ipsius
978 4072 1090 4122 senatus
1109 4067 1233 4138 effigiem

135 4154 269 4210 habemus
287 4154 353 4209 ibid.
373 4159 392 4208 t.
416 4155 504 4220 XXII,
523 4159 559 4212 94
577 4174 604 4226 p.
621 4157 665 4222 48,
691 4146 740 4211 ubi
765 4155 918 4211 secundum
943 4155 1081 4212 Athonem
1105 4159 1234 4214 staturae
