2752 4794
660 370 699 431 26

154 553 257 637 ζῶντα
275 551 311 619 δὲ
325 553 431 630 κακῶς
453 549 556 637 λέγειν
575 545 715 617 ἐκώλυσε
737 546 824 633 πρὸς
843 543 1007 633 ίεροίςκαί
1018 548 1238 635 δικαστηρίοις

147 652 201 718 καί
220 643 362 736 ἀρχείοις
382 650 435 717 καί
457 651 603 735 θεωρίας
625 640 723 736 οίίσης
743 640 886 734 δγώνων.

248 753 379 838 denique
398 754 424 818 si
447 772 517 818 cum
539 753 696 837 Droyseno
717 752 824 829 facias,
847 753 896 816 oui
918 753 1050 836 tempori
1080 752 1237 819 adscribes

143 855 312 940 Phryniohi
338 855 377 919 fr.
400 855 460 920 inc.
482 855 515 919 II
535 853 577 937 (p.
600 852 700 937 602)?
730 853 761 917 in
783 871 818 918 eo
841 853 922 917 enim
945 855 1081 921 Teucrus
1105 857 1135 920 et
1158 855 1237 920 Dio-

143 955 238 1021 clides
264 973 394 1038 quorum
423 955 533 1020 similis
562 955 630 1019 erat
658 954 751 1036 atque
779 953 1066 1034 hermocopidarum
1086 956 1237 1036 memoria

144 1073 200 1121 nec
220 1055 288 1140 lege
308 1055 375 1121 late
397 1074 495 1138 neque
526 1055 599 1120 ante
625 1055 725 1138 legem
747 1055 846 1120 latam
873 1056 1027 1119 nominari
1056 1055 1235 1136 potuerunt.

142 1155 197 1220 illo
219 1157 318 1240 igitur
339 1155 492 1239 explicatu
514 1155 567 1237 qui
591 1156 753 1219 contentus
769 1155 820 1232 sit,
844 1173 914 1219 cum
936 1155 1053 1220 umbris
1074 1153 1238 1218 dimicasse

142 1255 307 1322 videbitur.

241 1356 292 1421 Ad
327 1356 454 1423 eandem
483 1355 637 1440 Syracosii
664 1357 766 1441 legem
798 1374 868 1421 cum
901 1357 1037 1439 spectare
1072 1354 1238 1419 videantur

142 1476 220 1540 quae
242 1457 348 1522 extant
368 1457 401 1521 in
413 1456 529 1521 Avium
550 1475 616 1541 arg.
640 1457 672 1522 II
695 1456 736 1538 (v.
760 1458 800 1521 26
820 1475 865 1540 sq.
888 1455 1014 1538 Πᾶσα),
1037 1456 1137 1519 nescio
1159 1474 1238 1519 num

142 1557 182 1624 ad
203 1558 431 1623 inlustrandam
452 1557 541 1624 illam
563 1541 698 1622 multum
721 1557 895 1623 conserant:

240 1655 296 1722 ἐπὶ
307 1645 430 1723 οὖντοῦ
439 1658 631 1724 Δεκελεικοῦ
641 1656 788 1740 πολέμου
803 1662 957 1744 πονηρῶν
967 1682 1064 1724 τινων
1076 1652 1118 1723 τοὶ
1131 1652 1236 1743 πράμ-

140 1781 226 1842 ματο
243 1758 509 1845 ἐγχειρισθέντων
527 1754 711 1847 ἐπισφαλὴς
730 1754 890 1847 μέμονενῆ
912 1759 988 1842 παρ’
1011 1751 1118 1824 αὐτῶν
1139 1752 1236 1823 κατά-

141 1880 261 1939 στασις.
284 1859 338 1925 καὶ
368 1858 401 1925 ἐν
412 1859 471 1942 μὲν
487 1851 597 1938 δίλλοις
607 1854 746 1947 δράμασι
758 1855 812 1926 διὰ
829 1862 888 1947 τῆς
909 1860 1101 1948 κωμῳδικῆς
1122 1850 1237 1936 ἀδείας

139 1950 269 2047 ἤλεγχεν
300 1950 536 2049 Ἀριστοφάνης
568 1954 645 2039 τοδς
678 1963 785 2040 κακῶς
816 1959 1097 2044 πολιτευομένους,
1131 1983 1234 2047 φανε-

140 2063 206 2145 ρῶς
232 2058 292 2145 μὲν
322 2051 482 2144 οὐδαμῶς,
513 2051 551 2126 οδ
581 2055 640 2146 γὰρ
671 2059 726 2127 ἐπὶ
756 2056 875 2127 τούτου
897 2048 935 2147 ἦν
959 2059 1109 2147 ἐκκλησία
1133 2061 1234 2145 (παρ-

140 2160 348 2247 ρησίαῦΐιδο.
361 2182 390 2245 p.
401 2163 473 2240 478,
489 2154 654 2227 ἀκώλυτον
672 2164 797 2242 Usener,
816 2164 897 2230 delet
918 2164 1098 2230 Meinekius.
1123 2164 1234 2228 malim

140 2259 292 2344 ἐξουσία),
314 2255 505 2347 λεληθότως
534 2259 580 2344 δέ,
608 2256 687 2328 ὅσον
708 2253 823 2348 α’νῆκεν
844 2255 912 2330 ἀπὸ
933 2261 1106 2350 κωμῳδίας
1127 2283 1234 2347 προσ-

141 2385 280 2447 κρουειν.

140 2464 234 2530 verba
254 2457 331 2541 τοδς
352 2463 459 2540 κακῶς
480 2460 762 2546 πολιτευομένους,
785 2484 801 2530 e
824 2466 934 2548 quibus
956 2467 1125 2550 conlegerit
1146 2466 1235 2549 quis-

138 2565 226 2646 piam
247 2582 352 2629 eorum
378 2563 432 2647 qui
454 2582 518 2630 rem
550 2564 705 2647 publicam
734 2567 952 2649 capessiverint
973 2568 1149 2632 inrisionem
1179 2567 1236 2632 illo

139 2665 277 2748 tempore
298 2665 496 2730 interdictam
518 2665 621 2744 fuisse,
654 2684 715 2730 non
743 2667 907 2749 premenda
932 2686 995 2733 esse
1016 2669 1111 2751 patet.
1154 2667 1235 2732 illud

139 2766 222 2830 enim
249 2758 316 2830 fieri
338 2766 388 2830 vix
418 2766 472 2848 pot
497 2765 530 2845 t,
561 2784 631 2831 cum
664 2766 761 2831 cuivis
790 2767 905 2832 civium
927 2768 1105 2833 Atticorum
1131 2769 1235 2833 rostra

139 2866 280 2949 paterent
313 2866 366 2948 qui
382 2885 486 2949 neque*
502 2867 603 2949 capite
626 2866 692 2931 ulla
715 2886 750 2931 ex
771 2867 859 2949 parte
880 2867 1056 2932 deminutus
1079 2867 1157 2932 esset
1179 2887 1236 2932 neo

139 2964 351 3032 deminutione
372 2966 501 3050 dignum
524 2966 695 3050 quidquam
717 2967 905 3032 commisisse
926 2967 1091 3032 videretur.
1137 2986 1233 3052 argu-

138 3067 279 3133 mentum
299 3066 397 3152 igitur
418 3067 496 3132 illud
517 3086 578 3132 non
601 3067 691 3159 aliter
712 3067 954 3151 intellegendum
968 3069 1014 3132 est
1036 3086 1129 3150 quam
1156 3067 1233 3134 Pla-

137 3167 217 3232 tonii
238 3187 267 3232 v.
280 3169 330 3232 ,22
350 3187 396 3252 sq.
418 3169 449 3232 et
471 3169 536 3234 eius
557 3169 677 3252 generis
699 3168 798 3251 plura.

195 3256 199 3261 ’
222 3268 371 3352 Deinceps
389 3268 547 3334 videamus
573 3288 647 3334 num
663 3288 680 3333 e
694 3264 858 3334 comoediis
870 3269 955 3334 illius
970 3269 1044 3334 anni
1055 3267 1235 3334 examinan-

138 3369 195 3448 dis,
223 3387 355 3451 quarum
377 3370 499 3434 servata
525 3367 646 3433 Avibus
677 3366 856 3451 gaudemus,
886 3369 987 3434 maius
1017 3369 1138 3433 lucrum
1167 3368 1234 3433 fiat.

139 3468 170 3532 et
193 3469 226 3532 in
258 3469 378 3534 Avibus
406 3469 529 3552 quidem
557 3469 667 3534 notum
699 3470 745 3533 est
773 3468 944 3533 remissiore
972 3468 1020 3533 uti
1049 3467 1171 3551 poetam
1201 3468 1235 3530 in

138 3567 277 3650 potentes
298 3569 425 3651 impetu,
454 3588 473 3633 a
497 3570 609 3651 quibus
630 3570 735 3635 tomen
758 3588 954 3652 nequaquam
976 3568 1120 3634 abstinet.
1160 3587 1234 3632 nam

138 3669 173 3732 ut
209 3669 246 3733 de
280 3669 377 3751 poetis
398 3669 544 3752 sophistis
577 3667 766 3753 philosophis
797 3672 927 3749 taceam,
955 3670 1099 3759 'homines
1135 3669 1168 3732 in
1200 3689 1234 3732 re

137 3770 262 3852 publica
295 3770 410 3835 versati
448 3771 594 3852 permulti
615 3773 883 3856 perstringuntur:
920 3770 1127 3836 Aristocrates
1162 3771 1233 3849 126,

139 3867 254 3936 Gallias
264 3871 336 3936 283.
349 3870 399 3949 84,
423 3869 607 3954 Cleonymus
622 3872 692 3936 289.
716 3874 765 3936 90.
789 3873 880 3951 1475,
900 3872 1008 3937 Nicias
1023 3871 1093 3950 363,
1116 3871 1234 3952 Lampo

140 3969 211 4034 521.
224 3970 295 4050 988,
311 3969 487 4053 Diitrephes
499 3971 568 4055 798.
593 3971 683 4051 1440,
708 3971 877 4038 Clisthenes
887 3973 947 4037 831
960 3971 992 4036 et
1003 3989 1076 4056 grex
1098 3969 1232 4034 aliorum

138 4089 214 4154 quos
235 4088 413 4136 enumerare
434 4071 558 4155 longius
583 4075 630 4138 est
659 4093 752 4156 quam
780 4073 970 4138 iucundius.¹
1002 4072 1101 4137 elucet
1130 4069 1232 4154 igitur

136 4168 314 4258 argumenti
340 4171 465 4239 tantum
496 4172 609 4240 natura
635 4173 755 4240 iactum
776 4192 840 4240 esse
871 4174 908 4240 nt
933 4192 995 4240 non
1021 4173 1055 4238 in
1082 4170 1228 4237 ludendis
