2752 4794
658 330 699 392 31)

134 515 216 581 enim
237 514 291 597 qui
316 512 427 597 legerit
447 511 561 594 poterit
583 511 643 577 viri
672 512 922 594 magnitudinem
943 515 1131 597 cognovisse.
1157 535 1231 582 cum

137 617 346 700 Aristophane
368 635 440 682 uero
461 615 659 706 inimicitiam
682 632 776 696 pmne
803 615 931 681 dixerim
953 616 1144 697 praeclarum
1165 635 1233 682 esse

137 737 193 801 pro
216 716 326 782 Cleone
348 716 570 783 testimonium.

135 862 145 877 .
242 817 355 883 etenim
377 815 488 882 Oleone
509 815 586 880 duce
600 814 734 897 perfecta
748 815 780 879 et
800 815 918 897 expleta
935 816 1016 894 sunt,
1039 817 1232 883 instantibus

137 917 212 984 belli
232 917 385 1000 periculis,
408 915 539 981 Periclis
563 915 596 980 in
622 917 712 981 rebus
741 914 872 998 publicis
899 917 1037 981 consilia.
1079 916 1232 981 nimirum

135 1019 192 1085 illa
213 1019 316 1084 aetate
336 1017 527 1083 intellectum
550 1018 606 1095 est
627 1016 803 1131 Spartam
794 1018 876 1083 mter
899 1037 916 1081 e
914 1017 1085 1084 tAthcnas
1107 1036 1171 1085 non
1193 1017 1232 1080 de

136 1118 314 1203 principatu
343 1119 469 1183 tanturn
496 1118 549 1183 sed
578 1117 616 1183 de
644 1117 689 1183 rei
719 1117 860 1199 publicae
885 1117 985 1183 forma
1013 1117 1164 1196 dimicari,
1191 1118 1233 1183 de

137 1237 308 1303 paucorum
341 1219 398 1283 aut
437 1219 633 1301 popularium
677 1217 813 1300 imperiis
847 1218 961 1332 ubique
996 1217 1232 1285 constituendis

137 1319 269 1387 Athenis
290 1319 397 1402 igitur,
420 1338 457 1383 ne
479 1320 597 1385 ceterae
619 1318 762 1384 civitates
784 1318 882 1384 eidem
897 1319 941 1382 rei
958 1318 1099 1400 publicae
1113 1318 1233 1385 formae

136 1420 273 1490 lavantes
298 1419 468 1498 deficerent,
490 1417 580 1485 firmo
602 1421 788 1502 strenuoque
813 1437 889 1502 opus
916 1420 982 1484 erat
1007 1418 1149 1501 populari
1170 1418 1234 1483 im·

14 1530 20 1553 ¹
136 1520 229 1604 perio.
271 1519 304 1584 id
327 1519 471 1586 Cleonem
490 1520 676 1586 intellexisse
700 1519 812 1602 uiaque
836 1539 906 1584 eum
926 1539 945 1584 a
968 1519 1088 1585 Pericle
1107 1519 1233 1585 munita

136 1641 192 1688 suo
213 1621 340 1689 consilio
362 1639 558 1704 progressum
588 1640 651 1685 esse
672 1621 793 1702 praeter
815 1622 915 1686 cetera
943 1620 1042 1685 oratio
1063 1619 1154 1684 10001
1174 1618 1233 1685 ad·

136 1742 241 1791 uersus
256 1722 457 1806 Mytilenaeas
472 1722 579 1787 habita
601 1721 710 1802 (lhuc.
723 1722 782 1800 Ill,
794 1721 927 1786 37-40.
955 1720 993 1786 ci.
1016 1721 1058 1800 Π,
1082 1722 1122 1784 13
1142 1712 1183 1785 τά
1195 1742 1233 1783 τι

138 1825 204 1887 τῶν
226 1815 399 1904 ξυμμάχων
420 1815 602 1903 deciperetis·
624 1815 732 1903 ἔχειν).
782 1821 858 1885 tunc
879 1820 1003 1886 demum
1025 1820 1233 1902 periculosum

138 1923 302 1990 uidebatur
321 1941 376 1987 uec
397 1922 465 1987 iam.
488 1921 693 2000 tolerandum,
730 1922 816 1986 cuius
842 1922 875 1985 in
901 1940 976 2003 pace
997 1940 1059 1986 non
1083 1939 1234 2003 magnam

140 2043 247 2090 curam
261 2023 442 2100 habuerant,
454 2022 664 2088 laconicarum
678 2040 780 2086 rerum
802 2021 883 2086 inter
898 2021 1062 2102 optimates
1081 2020 1232 2086 studium.

138 2123 221 2207 quod
243 2142 322 2187 cumr
335 2122 684 2205 prorsrmmecessarium
706 2121 784 2186 esset
805 2139 900 2203 quam
920 2119 1110 2185 severissime
1131 2139 1235 2201 perse·

139 2224 194 2306 qui
216 2224 246 2289 et
266 2223 445 2306 opprimere
468 2221 630 2288 sanissima
652 2221 772 2286 rationo
792 2220 844 2286 sed
871 2220 1001 2287 fortasse
1022 2221 1236 2286 vehementius

139 2320 209 2387 Oleo
232 2322 407 2404 persecutus
432 2321 487 2399 est,
513 2321 573 2385 nisi
593 2321 697 2402 potius
728 2319 842 2386 nimiae
875 2319 1083 2385 vehementiae
1111 2320 1234 2401 partem

138 2421 294 2488 sodalibus
320 2422 384 2489 eius
405 2421 525 2487 tribuas
547 2421 599 2501 (cf.
624 2421 700 2487 Aah.
725 2422 787 2486 846
809 2420 875 2500 al).
928 2419 1063 2502 prolecto
1085 2419 1156 2485 inde
1178 2439 1236 2501 po-

138 2523 295 2588 tissimum
323 2522 399 2587 nata
422 2522 473 2588 est
500 2522 607 2603 iniqua
640 2519 760 2586 Cleonis
792 2520 875 2604 apud
904 2522 1041 2602 posteros
1072 2521 1233 2589 memoria.

138 2621 380 2703 Aristophanem
392 2633 463 2687 vero
478 2621 568 2687 sociis
584 2622 795 2704 praesentibus
807 2622 946 2704 civitatis
968 2621 1113 2687 instituta
1127 2620 1236 2702 reique

141 2722 283 2804 publicae
304 2723 436 2788 rectores
459 2722 640 2787 catillatum

243 2845 297 2887 και
289 2816 396 2899 τούς
415 2815 540 2906 δήμους
558 2819 592 2886 ἐν
612 2825 684 2899 ταῖς
698 2816 833 2888 πόλεσιν
845 2818 980 2902 δείξαντ’
1004 2815 1049 2898 ὥς
1071 2821 1233 2906 δημοκρα-

1057 2924 1189 2988 τοῦνται

140 2980 221 3104 quod
243 3021 317 3089 Cleo
339 3042 435 3105 poena
456 3025 626 3088 immunem
648 3041 711 3088 esse
729 3024 863 3088 noluerit
884 3041 966 3088 nunc
987 3031 1076 3088 nemo
1097 3023 1157 3088 orit
1177 3026 1235 3106 qui

139 3123 271 3189 miretur
292 3123 342 3190 vel
362 3124 552 3208 indignetur

237 3224 282 3288 llo
294 3225 398 3290 autem
411 3224 593 3290 adducorut
608 3224 691 3307 leges
703 3224 773 3290 illas
791 3225 830 3290 ad
845 3225 1041 3291 coercendam
1058 3225 1235 3290 comoediae

137 3324 297 3389 licentiam
313 3325 400 3397 ,latas
422 3343 527 3389 omnes
549 3325 671 3390 credam
694 3325 893 3407 popularibus
913 3325 1026 3390 deberi.
1061 3345 1122 3408 qua
1144 3325 1177 3389 in
1200 3345 1235 3392 re

140 3423 260 3489 Cleonis
271 3424 442 3489 auctoritas
461 3424 614 3506 quantum
629 3424 771 3502 valuerit,
794 3425 829 3504 01,
840 3444 932 3490 causa
946 3426 979 3490 in
990 3424 1233 3506 Aristophanem

139 3524 211 3588 acta
230 3525 492 3590 attentissimum
520 3524 699 3606 comprobat
728 3524 810 3607 quod
841 3525 923 3607 apud
952 3525 1152 3591 scholiastem
1177 3525 1235 3591 de-

139 3623 339 3706 prehenditur
360 3625 406 3689 rei
426 3624 603 3708 vestigium.
614 3675 616 3680 .
640 3624 694 3688 ille
717 3643 788 3688 cum
810 3624 849 3689 ed
872 3625 962 3706 Vesp.
984 3626 1063 3689 1291

240 3715 311 3789 εἶτα
339 3726 394 3789 νῦν
416 3719 656 3809 ἐξηπάτησεν(
637 3749 657 3810 η
678 3717 790 3808 χάραξ
799 3748 856 3810 την
875 3714 1024 3809 ὄίμπαίον
1066 3778 1081 3793 .,

139 3824 508 3942 0100101111101.1100.1ι

245 3921 441 4043 ἐι1ιηφίοατο
454 3920 513 4009 γὰρ
543 3920 700 3990 ὁΚλέιον
722 3925 835 4011 μηκέτι
866 3880 935 3992 δεῖν
967 3924 1190 4012 κωμῳδίας’
1166 3930 1233 3994 επὶ

139 4024 186 4108 τῷ
212 4018 348 4110 θεάτρῳ
372 4019 571 4110 εἰσάγεσθαι,
602 4020 653 4092 ὅτι
683 4022 723 4112 δή
755 4026 857 4108 ξένων
884 4021 1058 4110 παρόντων
1089 4026 1230 4109 πολίτας

140 4122 365 4208 (uouemere,
387 4125 556 4204 πολιτείας
583 4123 831 4210 Ῠ1”εσκιονιτον,
