2752 4794
589 359 627 422 13

67 542 262 622 1161661661,
287 541 469 624 repetuntur
490 541 659 605 1.31-37
684 559 762 623 quae
792 543 1002 607 narrationem
1029 545 1155 609 11166116-
1225 607 1229 616 ,

68 645 168 708 verant
192 641 376 724 (1.9-11).
407 641 437 706 61
459 641 672 722 longiusculae
686 641 723 704 de
745 640 945 708 Aeolosicone
956 643 1157 724 disputationi

67 743 205 809 adhaeret
219 743 334 806 iterata
349 741 560 806 Aeolosiconis
573 741 604 805 61
618 741 740 806 adiecta
754 742 893 806 Ulixium
905 743 1030 821 mentio,
1047 743 1157 825 quippe

66 861 136 924 quac
155 842 275 907 mediae
297 841 472 909 comoediae
490 841 621 922 speciem
642 842 753 908 ferant.
797 863 858 907 non
880 844 1015 909 mirabor
1041 845 1067 908 si
1089 845 1157 926 quis

65 944 229 1026 suspicetur
245 962 279 1008 66
296 961 374 1023 quae
394 962 423 1006 v.
439 943 563 1006 30—39
578 942 726 1024 leguntur
742 937 811 1024 (τὸν
832 945 908 1026 γοῦν
926 939 1158 1009 Αἰαλασίκωνα

66 1081 97 1090 -
123 1047 231 1120 κακῶς
262 1039 336 1124 ἔχον
363 1038 521 1125 διασύρει)
552 1044 690 1108 scholion
712 1064 776 1109 esse
808 1045 935 1110 aliunde
956 1045 1156 1127 adscriptum,

65 1147 204 1211 additum
239 1146 279 1210 ad
313 1146 544 1211 Aeolosiconem
579 1145 801 1226 explicandam,
828 1147 865 1209 ut
886 1147 952 1213 arte
975 1146 1158 1212 cohaereant

65 1266 87 1312 1.
105 1249 147 1310 30
161 1244 363 1328 παρέχοντας
383 1248 580 1328 χειροτονεῖν
602 1247 632 1310 61
654 1247 694 1309 39
709 1248 863 1322 τοιοῦτος
885 1233 954 1311 οὖν.
994 1247 1047 1311 sed
1070 1266 1157 1329 prac-

65 1351 182 1415 maturo
198 1347 416 1419 abstinendum
432 1348 478 1411 661
497 1347 610 1412 iudicio
628 1349 658 1412 et
674 1349 755 1430 quod
771 1349 909 1430 sequitur
923 1349 1156 1430 inspiciendum.

64 1467 92 1513 cc
116 1448 228 1513 deinde
251 1448 376 1530 quidem
398 1467 476 1530 quae
498 1448 681 1529 parabaseos
696 1449 846 1513 mentioni
869 1448 906 1514 de
927 1451 994 1530 ipsa
1015 1451 1158 1531 parabasi

64 1549 237 1614 adiciuntur
258 1549 289 1612 61
309 1568 382 1613 vera
403 1550 476 1612 sunt
497 1568 595 1631 neque
615 1569 634 1614 6
657 1550 813 1630 preposito
842 1549 943 1614 aliena
971 1548 1012 1630 (v.
1033 1551 1157 1614 44-58
1264 1546 1285 1562 '⁴

65 1652 95 1715 cf.
118 1649 156 1715 dc
180 1668 256 1715 conr.
279 1649 340 1714 IX³
374 1669 403 1714 u.
424 1651 464 1713 96
487 1669 531 1731 sq.
554 1669 583 1732 p.
605 1650 683 1713 XIX
712 1669 756 1731 sq.
780 1649 907 1732 biba).
961 1652 1107 1716 secuntur
1121 1651 1158 1716 de

65 1749 235 1816 fabularum
259 1750 451 1833 argumentis
473 1770 522 1816 vv.
545 1750 680 1814 58--78.
724 1769 827 1815 eorum
851 1751 913 1814 fore
942 1753 1038 1834 repeti
1061 1753 1157 1818 vides:

229 1871 257 1916 v.
281 1851 330 1915 58.
353 1852 393 1914 59
564 1869 598 1914 61
694 1907 696 1912 .
846 1852 895 1915 34.
919 1852 958 1916 35

67 1946 92 2014 oi
113 1951 149 2016 δὲ
168 1953 229 2036 τῆς
251 1948 352 2034 μέσης
378 1948 551 2034 κωμῳδίας
614 1944 803 2036 ὑπεξῃρέθη
823 1953 881 2036 τῆς
912 1954 1086 2038 κωμῳδίας
1118 1952 1159 2018 τὰ

67 2051 195 2137 ποιηταὶ
215 2051 269 2115 καὶ
290 2049 347 2128 τὰς
369 2046 549 2127 ὑποθέσεις
612 2045 727 2132 χορικᾶ
754 2052 834 2137 μέλη
868 2054 1007 2117 καὶτῶν
1029 2051 1156 2120 ὑποθέ-

68 2140 204 2239 ἤμειψαν
219 2151 272 2215 καί
287 2146 327 2214 τὰ
340 2146 454 2233 poposci
468 2150 548 2235 μέλη
613 2172 698 2215 σεων
720 2145 738 2216 ὁ
761 2147 898 2235 τρόπος·
907 2150 1104 2242 μετεβλήθη.

67 2251 252 2335 παρέλιπον.

69 2353 102 2428 61,
123 2372 202 2435 quae
222 2351 443 2416 transscribere
468 2351 597 2433 longum
620 2351 683 2415 est:

381 2455 431 2518 60.
465 2455 503 2518 61
547 2473 582 2518 61
625 2454 674 2517 29.
708 2455 749 2517 30
774 2452 840 2536 (33)

380 2555 503 2619 til-65
546 2573 606 2618 ex.
645 2555 745 2618 9—11

379 2656 502 2719 65-67
546 2673 580 2719 61
623 2655 672 2718 38.
693 2657 749 2718 -39

377 2756 426 2819 69.
461 2756 499 2818 70
542 2774 577 2819 61
619 2755 669 2818 42.
703 2756 753 2820 43.

67 2856 212 2936 copiosius
241 2855 350 2930 deinde
379 2855 566 2920 inlustratur·
590 2855 673 2937 quod,
693 2875 722 2922 1.
743 2858 866 2921 65-67
889 2858 1086 2938 dictumest,
1109 2861 1158 2923 in·

66 2955 174 3021 stitisse
197 2956 315 3020 mediae
340 2955 513 3020 comoediae
542 2957 648 3038 poetas
667 2957 800 3022 aliorum
823 2959 983 3040 poetarum
1006 2961 1158 3042 operibus.

66 3057 145 3120 cuius
168 3059 212 3121 rei
234 3057 404 3138 exemplum
427 3057 519 3121 datur
541 3056 655 3122 Ulixes.
700 3059 840 3140 sequitur
862 3059 943 3141 quod
965 3061 1088 3142 praeter
1109 3080 1158 3125 oe·

64 3155 124 3223 tera
148 3159 268 3223 mireris
288 3179 316 3223 v.
334 3160 388 3222 76:
411 3157 464 3220 καὶ
485 3152 543 3234 τὰς
564 3154 766 3240 παραβάσεις
790 3155 1018 3248 παρῃτήσαντο
1045 3156 1097 3226 διὰ
1117 3158 1155 3227 τό

64 3254 135 3335 τοὺς
152 3253 270 3338 χοροὺς
286 3256 455 3340 ἑπιλεῖψαι
471 3261 617 3342 χορηγῶν
636 3251 694 3324 οὐκ
712 3249 824 3324 ὄντων.
849 3263 935 3326 cuius
950 3263 994 3335 rei
1013 3264 1158 3335 notitiam

63 3376 75 3423 6
95 3360 249 3441 prioribus
271 3360 346 3424 66116
367 3379 520 3441 superque
537 3361 642 3425 volens
657 3363 833 3443 perceperit.
878 3363 1009 3446 denique
1031 3364 1069 3429 dc
1089 3383 1158 3446 per-

59 3460 138 3524 sonis
160 3459 277 3542 agitur.
1004 3536 1007 3542 ¹

156 3560 255 3624 Nemo
286 3561 332 3624 est
362 3560 414 3642 qui
448 3560 627 3641 scriptorem
657 3562 758 3642 ipsum
791 3563 828 3627 de
862 3564 1036 3629 comoediae
1065 3583 1158 3646 gene·

55 3663 141 3728 ribus
171 3680 226 3724 sua
265 3660 497 3742 componentem
536 3680 589 3742 per
627 3663 719 3727 unius
759 3663 929 3730 duarumve
966 3665 1158 3748 pagellarum

54 3762 195 3845 spatium
216 3761 330 3826 totiens
353 3761 534 3842 quaemodo
557 3761 682 3827 dixisset
701 3764 905 3844 repetiturum
929 3766 1023 3830 fuisse
1044 3767 1157 3832 credat.

53 3866 151 3944 atque
188 3879 258 3926 cum
291 3863 409 3943 possint
438 3881 517 3944 quae
546 3883 574 3926 v.
600 3865 723 3927 30-139
753 3865 884 3944 repetita
916 3866 1023 3931 'extant
1050 3867 1158 3933 fusiori

49 3963 127 4030 stilo
161 3961 339 4039 condonari,
374 3981 423 4026 vv.
453 3964 577 4027 58—78
605 3964 654 4028 vel
676 3965 801 4028 ‹so-*65
838 3984 962 4046 prorsus
992 3967 1158 4032 abhorrent

53 4065 96 4129 ab
120 4081 155 4127 66
178 4063 232 4144 qui
255 4063 357 4143 priora
380 4064 544 4145 scripserit.
577 4064 701 4129 tollitur
723 4065 879 4130 dubitatio
901 4068 1059 4147 reputanti
1080 4088 1159 4150 quae

49 4163 136 4230 ratio
159 4163 332 4273 intercedat
354 4163 435 4228 inter
457 4184 506 4230 vv.
530 4165 654 4230 61-65
677 4166 847 4232 619-111
