2752 4794
669 350 708 416 15

148 539 219 624 figas
235 559 313 623 quas
324 540 449 605 30-89
460 535 725 620 deprehendimus.
747 533 865 617 quaesi
880 533 1077 616 epitomatori
1091 537 1236 603 tribuun-

146 640 190 704 tur
202 641 399 706 contrahenti
413 640 485 719 alia,
499 639 563 704 alia
576 637 792 721 praetereunti,
808 655 898 700 suum
913 636 1028 700 habent
1040 637 1234 720 explicatum.

146 741 228 822 plu'ra
243 743 348 806 autem
362 741 400 806 de
419 739 562 823 parabasi
581 738 665 802 dicte
684 737 833 818 excerpsit
851 736 905 817 qui
923 735 1064 817 priorem,
1081 736 1119 801 de
1138 739 1236 820 poetIs

146 842 329 906 comicorum
342 840 487 905 ludibriis
508 838 599 921 plura
621 838 675 920 qui
699 837 830 902 alteram
853 837 993 919 eclogam
1016 839 1198 919 conscripsit
1216 842 1233 902 ¹.

238 942 371 1006 Restant
394 958 473 1022 quae
503 939 541 1003 de
561 937 698 1020 personis
720 936 804 1001 neca
829 937 903 1001 sunt
932 935 974 1017 (v.
994 936 1160 1017 78—ext.).
1203 939 1236 1001 in

143 1044 251 1126 quibus
271 1061 368 1107 novae
389 1039 564 1106 comoediae
581 1037 768 1103 mentionem
789 1036 856 1101 fieri
878 1036 1021 1116 diximus,
1043 1056 1114 1101 curn
1134 1038 1167 1100 in
1187 1057 1237 1103 ce-

142 1145 212 1208 teris
234 1163 298 1208 una
327 1142 511 1225 respiciatur
531 1139 642 1204 media.
687 1137 805 1202 mediae
834 1139 940 1202 autem
968 1138 1000 1201 in
1023 1137 1070 1201 his
1095 1140 1237 1204 extremis

142 1263 232 1325 quam
249 1242 389 1324 paullum
405 1259 496 1305 curae
518 1239 651 1320 scriptor
668 1238 812 1303 habuerit
833 1238 992 1320 sequentia
1013 1237 1132 1303 docent.
1162 1259 1235 1304 nam

141 1362 207 1407 cnm
229 1344 262 1406 in
285 1343 393 1406 ceteris
417 1340 527 1405 comici
547 1338 693 1402 timentes
715 1337 953 1402 Atheniensium
975 1339 1141 1420 optimates
1163 1358 1236 1406 con·

141 1443 225 1506 viciis
248 1438 434 1506 anstinuisse
462 1440 577 1522 ubique
603 1437 779 1515 tradantur,
809 1438 848 1503 ab
876 1438 950 1520 ipsis
972 1439 1144 1520 potentium
1167 1460 1236 1523 per·

140 1545 221 1609 sonis
242 1542 404 1607 imitandis
426 1541 584 1606 destitisse
611 1557 684 1622 prae
705 1538 911 1604 Macedonum
940 1538 1052 1605 timore
1074 1540 1235 1608 dicuntur:

140 1642 169 1707 ἐν
191 1642 228 1708 δὲ
250 1644 289 1729 τῃ
317 1641 400 1728 μέσῃ
429 1639 483 1705 καὶ
513 1638 569 1726 νέᾳ
601 1637 759 1725 κωμῳδίᾳ
782 1636 933 1723 ἐπίτηδες
967 1635 1009 1704 τό
1038 1647 1237 1723 προσωπεῖα

141 1739 224 1827 πρὸς
242 1738 281 1808 τδ
303 1737 510 1828 γελοιότερον
543 1735 809 1826 ε’δῃμιοόργῃσαν,
840 1735 1025 1818 δεδοικότες
1053 1738 1131 1820 τοδς
1163 1749 1236 1808 Μα·

140 1838 272 1921 κεδόνας
294 1841 347 1906 καὶ
366 1836 443 1919 τοδς
464 1839 705 1926 ἐπῃρτῃμένοας
724 1838 761 1920 ἐξ
774 1838 905 1904 ἐκείνων
925 1836 1061 1929 φόβους,
1081 1843 1134 1907 ἵνα
1155 1843 1237 1930 μηδὲ

142 1938 285 2028 ἐντύχῃς
299 1938 387 2020 τινδς
405 1935 561 2026 ὁμοιότης
580 1939 766 2023 προσώπου
779 1939 931 2028 συμπέσῃ
952 1942 1016 2007 τινὶ
1033 1939 1238 2009 Μακεδόνων

142 2033 269 2126 όρχοντι
291 2042 344 2107 καὶ
362 2036 459 2123 δόξας
480 2039 498 2107 ὁ
518 2035 658 2127 ποιητὴς
671 2039 705 2106 ἐκ
717 2039 943 2125 προαιρέσεως
954 2044 1125 2129 κωμῳδεῖν
1146 2044 1238 2123 δίκας

143 2141 268 2234 ὑπόσχῃ
291 2145 344 2228 (cf.
368 2165 398 2209 v.
412 2145 450 2209 18
461 2163 507 2225 sq.
531 2144 581 2207 36.
601 2144 641 2207 56
662 2162 707 2226 sq.
732 2142 795 2226 70).
840 2144 946 2226 itaque
968 2163 1039 2209 cum
1064 2149 1237 2229 opponatur

138 2247 250 2312 ushris
272 2245 448 2310 comoediae
476 2241 665 2308 consuetudo
694 2243 722 2307 ei
749 2261 828 2329 quae
851 2243 1056 2309 Macedonum
1088 2247 1237 2329 potestati

143 2347 312 2424 Indulserit,
331 2345 430 2427 primo
452 2345 527 2408 haec
555 2343 725 2425 composite
754 2361 818 2408 esse
840 2344 967 2425 apparet
989 2363 1008 2411 a
1029 2348 1236 2429 grammatico

91 2514 93 2519 ,
144 2449 192 2529 qui
205 2447 283 2513 duas
297 2446 422 2511 tantum
445 2443 620 2509 comoediae
640 2443 757 2509 aetates
779 2443 951 2525 compertas
972 2445 1116 2512 habuerit
1130 2486 1168 2495 -
1184 2468 1237 2515 ve·

144 2549 237 2613 terem
271 2548 303 2612 et
335 2564 457 2610 nouam.
499 2546 537 2611 cf.
563 2546 719 2610 tractatus
741 2545 779 2610 de
801 2546 959 2612 comoedia
981 2547 1020 2612 V.
1042 2567 1091 2630 ap.
1113 2548 1234 2614 Dncbn.

144 2667 168 2730 p.
176 2649 252 2714 XVI
270 2668 298 2713 v.
314 2649 342 2725 3,
364 2648 397 2711 in
413 2646 560 2711 MeInelrii
580 2647 653 2711 hist.
677 2646 746 2712 crit.
769 2666 799 2729 p.
814 2647 876 2711 539
897 2641 1003 2733 χρόνῳ
1027 2645 1086 2731 μὲν
1106 2644 1194 2714 codd
1216 2644 1236 2735 ἡ

143 2747 197 2827 μὲν
213 2747 268 2812 νέα
283 2745 340 2811 εἰτὶ
359 2733 580 2828 Ἀλεξάνδρου,
598 2739 617 2831 ἡ
636 2743 672 2811 δὲ
687 2741 811 2811 παλαιὰ
824 2744 881 2811 ἐπὶ
892 2749 958 2810 τιῦν
968 2748 1236 2835 Πελοποννησια-

143 2852 204 2913 κῶν
222 2840 288 2929 εἶχε
305 2843 361 2934 τὴν
371 2839 483 2933 ἀκμήν,
501 2847 619 2913 Usener
633 2847 677 2912 M.
692 2847 752 2913 Rh.
767 2848 908 2913 XXVIII
920 2868 950 2931 p.
962 2850 1034 2914 420.
1048 2851 1081 2915 iu
1093 2853 1235 2917 extremis

143 2970 259 3034 qnoque
284 2949 447 3014 Menandri
473 2948 692 3013 tantummodo
718 2949 853 3015 aetatem
875 2953 1104 3017 commemorat.
1147 2972 1236 3036 aper-

140 3052 205 3117 tum
226 3052 325 3134 Igitur
346 3051 392 3115 est
413 3069 442 3115 v.
466 3051 506 3114 83
528 3046 576 3132 (ἐν
598 3047 635 3114 δὲ
654 3057 694 3138 τῇ
713 3048 796 3136 μέσῃ
823 3049 878 3115 καὶ
899 3050 955 3138 νέᾳ
977 3051 1134 3138 κωμῳδίᾳ
1155 3048 1234 3137 xci.)

142 3153 232 3218 verba
254 3149 337 3238 μέσῃ
360 3150 413 3213 καὶ
435 3151 525 3216 abeo
544 3150 665 3216 adiecta
677 3169 741 3216 csse
763 3151 817 3233 qui
834 3151 911 3218 duas
932 3153 1004 3218 illas
1020 3153 1142 3236 eclogas
1164 3173 1234 3219 cum

141 3251 195 3319 hac
206 3252 373 3336 appendice
389 3251 619 3335 coniungendas
636 3252 800 3330 curaverit,
821 3254 887 3318 sive
904 3253 1069 3319 Platonius
1089 3255 1150 3319 fuit
1171 3256 1236 3320 sive

140 3355 202 3418 eius
224 3353 343 3417 auctor.
387 3351 526 3416 uidemus
546 3351 727 3416 autemnon
742 3352 911 3433 spemendn
933 3371 997 3418 csse
1018 3372 1096 3435 quae
1118 3355 1150 3418 in
1171 3354 1235 3419 illis

139 3454 306 3521 narrantur
328 3452 440 3534 quippe
468 3470 547 3533 quae
573 3452 604 3515 et
625 3451 748 3515 uetusta
770 3452 834 3516 sint
859 3453 890 3517 st
911 3453 1054 3535 amphori
1075 3456 1159 3537 operi
1182 3454 1236 3520 de·

138 3555 277 3622 beantur.
313 3552 395 3634 quod
418 3552 508 3634 quale
528 3552 895 3634 fuerit,ariolareturqui
910 3555 1062 3636 procerte
1078 3554 1236 3621 affirmare

223 3740 231 3770 ¹
251 3754 307 3791 non
326 3739 445 3793 multum
463 3757 480 3793 a
497 3755 564 3793 vero
577 3737 697 3792 abfuisse
712 3738 832 3806 videtur,
850 3740 928 3794 cuius
947 3740 1173 3798 dissertnIIonem
1190 3742 1236 3813 (de

138 3828 295 3881 Atticorum
312 3826 455 3881 comoedia
472 3826 610 3895 bipartita
625 3825 714 3880 Bonn.
728 3827 805 3896 1866)
823 3844 853 3880 re
871 3829 951 3897 gesta
969 3828 1080 3884 demum
1097 3831 1236 3902 inspicere

137 3915 224 3984 licuit,
248 3913 402 3970 Fielitzins.
427 3906 461 3969 cf.
489 3931 516 3983 p.
533 3915 584 3968 28:
609 3912 674 3982 ‘hm
694 3918 786 3968 autem
805 3915 880 3982 quod
899 3921 1040 3970 servatum
1063 3922 1106 3973 est
1123 3918 1157 3975 fr.
1175 3919 1235 3974 Pla·

138 4005 209 4058 tonii
228 4003 340 4057 nomine
358 4003 524 4073 inscriptum
550 4003 732 4073 expluribus
752 4003 875 4058 eiusdem
892 4006 1002 4075 generis
1028 4006 1156 4062 frustulis
1176 4026 1236 4065 esse

137 4090 322 4160 compositum
337 4090 1233 4165 indeeomparecquodeademresciscervedieicurpsc—10=

137 4179 153 4250 ξ
166 4180 269 4234 14-16
287 4179 399 4250 Bergk.)
410 4223 415 4234 .
