2752 4794
606 372 646 438 41

16 648 21 657 Ι
79 577 121 624 an
152 558 246 624 tertio
278 578 358 625 anno
390 559 578 643 ignoramus.
622 578 727 623 eorum
760 558 944 642 Laespodias
976 577 1005 623 v.
1031 556 1149 622 1569
1140 576 1174 620 ιιι

77 660 260 724 transcursu
282 661 472 726 nominatur:

181 758 214 823 τί
237 784 263 824 ω
253 746 499 843 concidentem
521 752 785 838 Λαισποδίας
755 783 786 825 ει
805 755 864 845 τὴν
884 753 998 846 φύσας

81 861 120 926 ad
144 861 320 927 Aristocrat
320 881 368 926 em
390 861 529 928 uersibus
552 863 620 927 125.
645 863 686 926 26
707 806 871 928 alluditur:

170 951 248 1026 ’'Err.
270 959 580 1045 ἀριστοκρατεῖσθαι
602 960 699 1047 δῆλος
723 952 753 1026 εἶ
774 961 886 1046 ζητῶν.

933 1053 989 1126 Ed.
1010 1053 1108 1146 ἕίώι·

179 1157 313 1247 ἥκιστα·
338 1162 392 1228 καὶ
414 1158 472 1227 τδν
490 1162 644 1228 Σκελλίου
667 1160 891 1245 βδελύττομαι.

82 1265 190 1328 Niciae
205 1263 283 1345 paci,
306 1265 332 1327 si
346 1265 428 1329 idem
447 1265 501 1328 ille
516 1250 572 1344 est',
588 1264 812 1329 Aristocratem
827 1263 1041 1344 subscripsisse
1052 1261 1175 1343 Thucy·

82 1366 166 1430 dides
189 1365 287 1431 tradit
308 1368 347 1446 V,
370 1367 420 1432 24.
462 1366 592 1432 Scelliae
614 1368 718 1432 autem
739 1366 823 1432 filius
843 1367 996 1448 quantum
1015 1363 1096 1447 apud
1122 1381 1176 1445 op·

82 1466 207 1531 limatos
236 1468 371 1532 valuerit
401 1469 466 1550 ipse
498 1466 691 1551 Thucydides
726 1466 815 1532 docet
836 1466 926 1543 VIII,
955 1466 1013 1530 89:
1047 1458 1176 1543 ἔχοντες

83 1558 241 1650 ἡγεμόνας
262 1568 329 1629 τῶν
350 1560 436 1630 πάνυ
459 1568 648 1651 στρατηγῶν
673 1566 740 1629 τῶν
760 1563 794 1629 ἐν
815 1566 855 1653 τῇ
881 1555 1047 1650 ὀλιγαρχίη
1067 1561 1120 1626 καί
1134 1559 1177 1626 ’ἐν

82 1657 194 1749 ἀρχαῖς
212 1655 324 1744 ίίντων,
346 1656 420 1732 οἷον
443 1666 630 1753 Θηραμένην
644 1661 701 1730 τὸν
717 1661 886 1750 ’Ἀμνῶνος
900 1663 956 1728 καὶ
973 1654 1176 1746 Ἀριστοκρά-

82 1789 137 1852 την
159 1763 219 1832 τδν
239 1768 392 1833 Σκελλίου
414 1767 467 1833 καί
489 1757 615 1846 liliosa
661 1768 774 1852 dignus
803 1768 902 1852 igitur
923 1768 990 1832 erat
1012 1785 1102 1849 quem
1125 1783 1177 1830 ao-

83 1869 202 1934 moedia
220 1871 449 1952 aggrederetur.
482 1870 629 1953 permulti
649 1871 769 1935 restant
783 1888 860 1953 quos
882 1869 938 1934 aut
950 1868 1050 1934 lenius
1072 1865 1177 1949 tangit

83 1970 135 2032 aut
157 1970 296 2034 acerbius
316 1971 415 2052 poeta,
438 1970 541 2036 nullus
560 1989 653 2053 quem
675 1971 730 2035 illo
752 1970 888 2052 tempore
909 1968 1033 2052 publico
1052 1981 1178 2030 munere
1206 1977 1208 1983 ·

82 2067 168 2134 tonet
153 2070 222 2133 tum
243 2089 307 2135 esse
328 2071 384 2135 aut
405 2071 540 2136 sciamus
560 2072 617 2137 aut
642 2071 839 2136 coniciamus.
870 2089 925 2134 nec
943 2068 1018 2134 fides
1034 2065 1176 2134 habenda

82 2170 127 2234 est
148 2170 332 2235 scholiastae
352 2171 391 2236 ad
414 2191 443 2236 v.
465 2173 527 2236 513

180 2293 198 2334 ο
181 2259 280 2333 “”δ’
259 2270 308 2352 αρ’
310 2264 473 2385 εἱστήκει
486 2265 545 2336 τδν
557 2265 749 2391 Λυσικράτη
767 2272 875 2355 τηρῶν
897 2263 959 2352 dae
972 2263 1175 2351 δωροδοκοίη

82 2369 262 2434 adnotandi:
285 2352 382 2446 οὗτος
402 2368 453 2434 δε
459 2365 638 2456 στρατηγὸς
661 2367 785 2455 sydereae
806 2361 992 2455 Ἀθηναίων
1011 2362 1076 2432 κτίι.

179 2469 283 2534 Minor
304 2470 395 2535 est
366 2490 504 2536 urorum
525 2490 671 2537 numerus
692 2490 797 2536 eorum
810 2471 864 2554 qui
879 2472 913 2534 in
925 2468 1177 2534 Acharnensibus

75 2572 342 2655 perstringuntur,
359 2574 479 2655 praeter
496 2574 603 2656 poetas
619 2574 753 2639 musicos
774 2573 889 2638 similes
906 2572 989 2637 hice.
1011 2569 1084 2635 (ileo
1105 2589 1135 2634 v.
1147 2569 1177 2634 6.

71 2673 151 2739 300.
175 2673 246 2737 377.
269 2674 340 2738 502.
363 2676 425 2741 689
448 2675 578 2757 quiillo
600 2676 738 2758 tempore
768 2673 931 2756 imperium
953 2670 1091 2736 nondum
1121 2670 1177 2735 ob·

70 2771 227 2851 innuerat,
272 2773 456 2858 Cleonymus
479 2776 528 2840 88.
552 2776 623 2855 844,
657 2773 828 2840 Clisthenes
862 2773 931 2851 118,
976 2771 1081 2838 Strato
1105 2770 1175 2848 lm,

64 2869 233 2956 Marpsias
254 2875 324 2952 702,
367 2873 603 2957 Cephisodemus
626 2875 696 2954 705,
729 2874 884 2940 Euathlus
904 2873 976 2952 710,
997 2869 1177 2936 Alcibiades

68 2970 142 3038 716
164 2975 195 3038 et
218 2975 413 3058 Hyperbolus
435 2974 497 3039 846
529 2974 615 3039 nullo
637 2975 714 3039 tunc
735 2975 888 3058 quantum
909 2973 1023 3038 schnus
1052 2972 1179 3036 mtnere

60 3072 189 3151 functi,
224 3072 342 3139 Ctesias
364 3077 435 3151 839,
458 3075 567 3157 Prepis
589 3070 660 3153 848,
694 3075 797 3140 Pauso
819 3075 889 3152 854,
917 3073 1083 3156 Moryohus
1105 3070 1177 3148 887,

66 3174 226 3256 Ctesipho
253 3176 343 3253 1002,
368 3175 574 3240 Antimachus
598 3174 688 3240 1150.
712 3176 764 3240 sed
778 3177 966 3259 quantopere
987 3193 1043 3238 sua
1064 3172 1178 3237 natura

60 3276 119 3341 ab
141 3275 260 3339 Avibus
284 3275 441 3340 comoedia
467 3275 563 3340 distet
588 3275 700 3340 inutile
720 3276 768 3340 est
796 3295 966 3341 memorare
997 3274 1028 3338 at
1058 3272 1179 3356 praeter

61 3377 182 3440 matera
204 3375 386 3440 ehamachi
397 3395 526 3458 persona
538 3376 647 3454 elucet,
663 3394 756 3458 quem
771 3376 876 3441 tamen
897 3375 953 3440 illo
974 3393 1055 3440 anno
1075 3373 1177 3455 ipsum

62 3476 191 3542 ducem
212 3496 274 3540 non
295 3477 390 3541 fuisse
411 3477 504 3542 fidem
526 3477 647 3542 faciunt
668 3496 698 3541 ν.
722 3477 819 3542 1073:

179 3572 260 3640 ἰέναι
282 3576 311 3642 α’
336 3575 486 3642 ἐκέλευον
507 3571 540 3641 οὶ
561 3575 737 3662 στρατηγοί
754 3571 896 3662 τήμερον

65 3680 112 3744 et
135 3679 232 3743 1078:

180 3772 220 3842 ici
232 3775 405 3861 στρατηγοί
417 3775 571 3853 πλείονες
582 3768 603 3862 ἢ
617 3775 782 3859 βελτίονος
804 3774 1177 3860 (Βοι11.ττλέονάς,οοδδ.

68 3878 192 3943 vitiose
210 3875 361 3954 πλείονες
383 3877 422 3943 of.
445 3878 576 3962 Reisigii
598 3878 725 3944 conieci.
746 3897 777 3962 p.
798 3879 838 3942 42
860 3883 918 3961 sq.)
1034 3899 1037 3904 ·
1156 3964 1159 3968 ⁴

179 3980 248 4043 Iam
269 3979 397 4061 Equites
418 3978 620 4060 inspiciamus
640 3978 681 4044 ol
704 3981 755 4058 88,
777 3979 798 4044 4
819 3979 931 4048 actam.
975 3999 1014 4046 ne
1040 3979 1178 4044 virorum

73 4077 171 4145 inea
197 4079 411 4145 traductorum
440 4079 564 4144 turbam
591 4097 755 4158 moremur,
778 4078 945 4144 honorifice
965 4080 1178 4152 momorantur

80 4181 166 4247 Simo
188 4181 220 4247 et
240 4179 408 4245 Panaetius
429 4179 592 4262 hipparchi
615 4199 646 4246 v.
666 4179 819 4246 242410
