2752 4794
781 353 802 416 4

341 531 488 624 Μορύχῳ
522 532 637 623 Τελέᾳ]
671 534 726 600 καί
750 527 891 612 τούτους
922 533 974 600 ἀεὶ
1016 526 1149 601 ἀπεῖναι
1179 530 1330 618 βούλεται

240 642 307 704 τῶν
341 629 448 723 ὄψων,
479 633 532 703 διὰ
567 632 710 701 τούτου1
739 627 861 713 αι’τοῦς
892 631 1036 719 κολάζων
1065 634 1109 714 ὠς
1141 633 1334 722 γαστριμάρ-

239 764 329 826 pouq,
369 735 415 818 ὡς
454 761 554 826 φησιν
592 736 626 802 ἐν
652 740 724 814 τοῖς
749 728 974 819 Ἀχαρνεῦσιν.
1010 740 1065 801 νῦν
1099 738 1127 803 δ’
1152 730 1214 803 οὐκ
1250 730 1333 822 οἶδα,
1358 796 1362 807 .

241 835 334 918 ὅπως
365 835 403 903 τὸ
433 838 576 904 ἐναντίοιν
607 836 715 923 φησίν.
768 833 849 915 ἴσως
878 823 935 901 οὖν
962 840 1002 926 τῇ
1022 836 1187 925 παρουσίᾳ
1208 833 1337 903 τούτων

244 935 438 1005 Μελάνθιον
459 940 598 1025 λυπῆσαι
620 933 771 1019 βούλεται
794 928 871 1002 ὄντα
898 937 951 1002 καὶ
972 934 1071 1002 αι’·τὸν
1092 937 1208 1019 λίχνον.
1237 925 1280 1024 ἦν
1301 938 1336 1004 δὲ

239 1039 419 1127 τραγῳδίας
440 1034 589 1123 ποιητής,
602 1038 657 1115 οἷς
678 1039 878 1123 προείρηται.

239 1177 313 1222 uam
345 1177 415 1221 oum
447 1156 532 1222 dieat
561 1157 669 1221 mirari
695 1176 727 1221 se
757 1156 839 1239 quod
866 1157 1013 1240 Moryoho
1037 1155 1206 1238 Taleaeque
1229 1155 1336 1220 faveat

239 1258 385 1322 hocloco
408 1258 639 1339 Aristophanes,
664 1276 739 1339 qnos
763 1258 942 1339 ceteroquin
965 1257 1004 1321 ab
1032 1256 1158 1321 obsonio
1189 1256 1339 1321 arcendos

240 1360 370 1436 censeat,
391 1359 636 1423 Acharnensium
651 1358 829 1423 testimonio
841 1357 950 1436 utitur,
964 1359 999 1421 ut
1012 1357 1157 1422 infestum
1178 1356 1240 1420 illis
1257 1357 1338 1421 alias

239 1460 347 1541 poetae
369 1459 508 1523 animum
530 1459 683 1522 osiraath
733 1459 822 1540 atqui
843 1478 921 1522 unus
949 1476 1009 1539 quo
1032 1458 1064 1521 in
1086 1457 1341 1521 Acharnensibus

239 1561 404 1644 Morychus
427 1562 616 1625 memoratur
637 1560 722 1624 locus
745 1561 790 1624 est
814 1579 842 1624 v.
866 1561 926 1623 885
949 1579 1007 1641 sq:

441 1663 468 1739 ὦ
490 1670 628 1762 φιλτάτῳ
652 1672 690 1742 οὐ
713 1675 766 1740 καὶ
788 1668 889 1739 πάλαι
911 1672 1116 1758 ποθουμένη,

441 1764 543 1863 ἦλθες
565 1771 706 1857 ποθεινὴ
729 1774 788 1858 μὲν
808 1773 1020 1860 τρυγῳδικοῖς
1037 1778 1158 1858 χοροῖς,

438 1877 516 1964 φίλη
540 1877 575 1942 δὲ
597 1870 753 1961 Μορύχῳ,

241 1998 301 2061 quo
324 1979 355 2043 et
377 1979 477 2042 solum
499 1978 671 2059 nuncupari
686 1977 868 2060 Moryohum
892 1975 958 2058 (καὶ
981 1969 1117 2052 τούτοις
1138 1976 1231 2040 schol.
1247 1975 1341 2059 Pac.)

241 2098 338 2161 neque
360 2080 456 2143 arceri
478 2079 568 2142 illum
591 2098 609 2142 a
631 2077 759 2160 prandio
782 2076 876 2163 vides,
898 2077 993 2141 immo
1009 2076 1130 2141 arcessi.
1163 2076 1222 2139 huc
1237 2076 1343 2159 igitur

240 2196 309 2242 oum
328 2198 390 2243 non
418 2180 554 2261 potuerit
586 2180 752 2244 scholiasta
779 2180 936 2268 respicere,
960 2180 1062 2244 neseio
1084 2199 1124 2244 an
1143 2199 1159 2244 e
1179 2181 1267 2262 parte
1289 2179 1342 2244 fa·

237 2278 328 2343 bulae
350 2279 459 2360 ignota
481 2279 568 2344 nobis
583 2298 638 2344 sna
651 2279 741 2342 illum
755 2278 920 2361 sumpsisse
931 2279 1056 2357 indicos,
1072 2280 1099 2343 si
1112 2279 1341 2343 examinaveris

237 2378 333 2443 schol.
356 2379 435 2443 Ach.
457 2398 486 2443 v.
510 2380 548 2443 61

499 2489 530 2558 οἳ
552 2493 705 2577 πρέσβεις
726 2487 757 2559 οἱ
778 2489 868 2576 παρὰ
888 2493 1055 2579 βασιλέως,

238 2594 320 2676 quod
341 2596 470 2676 prolatis
498 2595 581 2660 haud
609 2594 849 2660 contemnendae
875 2596 966 2661 uotae
989 2595 1173 2678 quibusdam
1203 2595 1248 2661 ita
1271 2596 1340 2660 ter-

238 2695 393 2759 minatur:

340 2810 494 2893 πρέσβεις
515 2811 552 2877 δὲ
576 2796 668 2878 οὗτοι
684 2808 766 2878 εἰσὶν
787 2806 818 2877 οἱ
839 2812 916 2895 περὶ
938 2808 996 2876 τὸν
1022 2807 1187 2895 Μόρυχον,
1209 2810 1338 2898 ἐμπλη-

242 2911 378 2990 σθέντες
400 2916 536 3000 τροφῆς.

238 3016 269 3080 id
292 3016 372 3081 unde
394 3017 473 3081 sciat
494 3017 660 3082 scholiasta
681 3019 786 3082 nostro
809 3018 875 3082 iure
895 3018 1089 3100 quaerimus:
1117 3039 1134 3083 e
1156 3038 1247 3084 versu
1272 3019 1337 3082 613

240 3117 371 3181 conlatis
386 3118 558 3199 Vesparum
571 3137 621 3182 vv.
635 3119 715 3181 1142
731 3137 776 3200 sq.
799 3137 887 3182 nemo
907 3118 1071 3182 contendet
1085 3119 1164 3182 illud
1179 3118 1337 3200 explicari,

238 3235 428 3299 quamquam
447 3217 483 3281 de
495 3218 623 3282 eislocis
636 3217 1130 3301 rectissimeindicavitBerghius
1152 3217 1190 3282 fr.
1205 3238 1281 3283 com.
1302 3220 1338 3283 ΙΙ

237 3333 266 3395 p.
278 3315 348 3378 970.
384 3335 481 3398 neque
495 3316 530 3381 de
552 3317 617 3381 ulla
640 3317 724 3381 illius
746 3318 893 3398 temporis
912 3316 1148 3382 Atheniensium
1168 3317 1208 3381 ad
1223 3316 1337 3382 Persas

236 3415 393 3498 legatione
416 3416 585 3498 quidquam
614 3418 805 3499 compertum
826 3417 983 3496 habemns,
1010 3418 1226 3500 praeterquam
1251 3417 1336 3497 quod

240 3516 365 3582 missam
388 3517 526 3598 aliquam
549 3517 642 3582 fuisse
663 3517 765 3598 ipsum
795 3517 919 3581 fabulae
940 3518 1159 3600 argumentum
1181 3516 1280 3594 dooet,
1303 3517 1338 3581 in

238 3634 299 3696 qua
326 3617 430 3680 tamen
458 3617 599 3700 Morychi
626 3617 800 3699 legatorum
834 3617 981 3698 principis
1009 3635 1064 3681 nec
1086 3618 1156 3683 vola
1177 3616 1257 3681 inest
1279 3635 1338 3681 neo

339 3816 348 3847 ¹
368 3813 419 3894 dui¹
439 3817 517 3869 τοῦτο
542 3817 639 3887 inepta
665 3821 707 3871 est
731 3817 899 3873 Ravennatis
926 3819 1072 3888 scriptura.
1103 3835 1163 3873 cum
1188 3819 1338 3874 antecedat

237 3897 373 3971 βούλεται.

338 3991 410 4044 ²Ex
429 3991 654 4046 Acharnensibus
674 3992 823 4046 scholiasta
848 3992 883 4045 sd
912 3996 989 4048 1003.
1012 3997 1035 4050 5.
1056 3998 1081 4049 7.
1103 3996 1143 4050 14.
1168 3996 1235 4050 item
1254 3997 1337 4050 testi-

238 4079 330 4134 monia
348 4081 448 4143 adfert,
469 4085 569 4136 cuncta
588 4080 821 4151 eDicaeopolidis
835 4081 983 4152 conloquio
1004 4101 1066 4138 cum
1081 4085 1196 4139 Boeotio
1215 4091 1335 4154 sumpta,

236 4167 306 4222 nulli
324 4165 372 4223 illa
391 4169 501 4238 quidem
521 4170 690 4224 dubitationi
710 4170 837 4225 obnoxia.
