2752 4794
684 313 703 375 5

88 564 92 599 r
152 498 321 581 vestigium.
345 498 440 562 immo
453 499 490 561 nt
502 498 593 562 homo
608 498 734 580 gulosus
746 499 869 582 ubique,
881 501 975 565 semel
988 502 1023 565 ut
1034 502 1239 567 alienissimus

88 610 91 667 l
146 599 359 680 erepublica
382 599 546 681 Monychus
572 599 793 681 perstringitur
821 601 860 663 ab
890 599 1108 682 Aristophane,
1132 604 1180 666 cui
1203 604 1240 668 de

146 701 207 765 uiro
231 700 286 764 illo
309 719 431 764 omnem
452 699 597 763 notitiam
620 699 763 764 debemus
795 701 915 780 praetor
937 701 1064 766 Suidam
1089 701 1155 785 (qui
1178 723 1239 768 non

141 802 230 884 plura
252 802 345 865 habet
368 812 460 882 quam
491 799 679 882 scholiasta),
703 800 864 864 Timaeum
888 801 1024 882 (Ruhnk.
1055 823 1083 884 p.
1106 805 1177 886 183)
1208 805 1239 869 et

139 904 304 968 Platonem
333 901 494 977 comicum,
525 900 574 964 cui
604 918 675 964 oum
716 899 924 982 Aristophane
953 905 1095 968 conuenit
1127 905 1165 968 fr.
1188 925 1235 986 ap.

137 1003 234 1067 schol.
264 1002 347 1066 Nub.
370 1001 429 1064 109
458 999 564 1080 (Mein.
586 1001 700 1064 11652
722 998 760 1064 c'f.
783 1001 895 1084 Bergk.
928 1005 1090 1068 comment.
1113 1024 1142 1087 p.
1163 1005 1237 1083 345)

267 1111 409 1181 Πλάτων
430 1114 607 1198 Περιαλγεῖ

331 1203 455 1282 sidcis
479 1210 622 1300 Μόροχε,
648 1218 703 1279 νῦν
723 1211 781 1300 γολρ
807 1207 972 1298 εὐδαίμων
995 1215 1085 1305 ἔφυς,

332 1318 385 1381 καὶ
406 1317 583 1402 Ιλαοκέτης
605 1312 624 1404 ἡ
648 1319 759 1401 ψῆττα
778 1317 832 1381 καὶ
853 1314 1043 1404 Λεωγόρας,

332 1413 368 1482 οἳ
384 1418 459 1502 ζῆτε
474 1419 632 1500 τερπνῶς,
653 1409 746 1482 οὐδὲν
768 1415 1016 1500 ἐνθυμούμενοι.

135 1540 173 1603 ut
205 1538 341 1603 alienum
370 1536 469 1619 igitur
501 1555 519 1600 a
551 1555 583 1600 re
614 1535 738 1617 publica
765 1536 861 1601 etiarn
890 1537 1112 1620 Aristophanes
1134 1540 1238 1622 tangit

134 1639 231 1704 illum
253 1638 344 1719 Vesp.
368 1637 434 1700 504-
452 1656 513 1718 sq.:
606 1679 608 1684 .

242 1746 300 1816 τὸν
322 1749 434 1833 πατέρ’
458 1746 509 1816 ὅτι
531 1743 691 1833 βούλομαι
713 1745 838 1815 τούτων
860 1743 1111 1834 ἀπαλλαχθέντα
1131 1757 1197 1818 τῶν

239 1843 930 1939 ὀρθροφοιτοοοκοφαντοδικοταλαιπώρων
947 1849 1081 1937 τρόπων

240 1954 294 2039 ζῆν
313 1951 387 2034 βίον
408 1956 553 2036 γενναῖον
577 1948 689 2036 ὥσπερ
714 1947 878 2037 Μόρυχος,
902 1951 1007 2020 αἰτίαν
1029 1952 1093 2036 ἔχω
1115 1953 1178 2022 uri.

134 2070 293 2135 escholio
328 2070 432 2134 autom
459 2070 549 2151 Vesp.
572 2071 634 2134 506
666 2071 766 2134 elucet
794 2071 871 2135 alios
900 2071 993 2136 fuisse
1021 2073 1074 2154 qui
1105 2073 1236 2154 publicis

134 2172 230 2236 rebus
254 2170 382 2235 eundem
405 2189 529 2234 vacasse
551 2166 696 2236 dicerent.
730 2171 817 2236 cuius
834 2172 943 2236 scholii
960 2191 1030 2236 cum
1052 2175 1236 2240 senteutiam

133 2273 224 2337 reete
235 2271 406 2336 restituerit
421 2271 609 2350 Dindorfius,
623 2271 754 2353 singulis
772 2291 833 2337 non
845 2272 921 2337 satis
933 2273 1016 2338 fecit.
1050 2275 1081 2337 et
1095 2274 1236 2356 aequies-

135 2371 271 2437 cendum
294 2372 416 2437 videtur
438 2373 471 2437 in
486 2373 632 2438 Meinekii
654 2373 866 2438 emendatione
889 2372 982 2451 (Add.
996 2373 1024 2438 V
1036 2375 1077 2436 30
1095 2373 1134 2437 cf.
1151 2374 1235 2451 LIX)

244 2484 331 2571 πρὸς
353 2484 410 2554 τὸν
431 2483 906 2574 τούςἈψεαιλεῖςποιήσαντα,
928 2485 979 2556 ὅτι
1000 2485 1058 2556 τὸν
1074 2485 1233 2573 Μόροχον

138 2593 209 2654 τῶν
232 2589 410 2655 πολιτικῶν
431 2589 593 2676 πεποίηκε
618 2588 822 2673 [μετέχοντα]
844 2584 1052 2674 πραγμάτων,
1075 2585 1236 2676 ἀγνοήσας

138 2685 193 2756 ὅτι
215 2686 378 2777 τρυφερὸς
397 2692 450 2756 καί
473 2686 605 2775 ἡδύβιος
627 2691 842 2776 κωμῳδεῖται.

134 2827 323 2892 Teleclidem
351 2827 450 2910 igitur
475 2828 602 2908 apparet
628 2827 662 2890 in
683 2826 852 2891 Veracibus
882 2826 985 2907 partes
1007 2824 1154 2909 Morycho
1182 2825 1235 2889 de-

133 2928 219 2992 disse
247 2927 305 2990 viri
342 2926 375 2988 in
400 2926 467 2991 foro
496 2925 620 2991 versati.
663 2925 845 3008 quodcum
881 2926 963 2990 ultro
991 2944 1061 2990 oum
1099 2925 1235 2990 Acharn.

133 3027 233 3094 schol.
256 3029 295 3091 61
326 3027 542 3109 coniungatur,
571 3026 679 3108 quidni
707 3027 806 3108 ipsam
834 3025 974 3109 Morychi
996 3026 1232 3109 ‘legationema

136 3128 293 3193 Teloclide
314 3127 484 3192 tractatam
511 3145 574 3191 esse
596 3127 806 3208 suspicemur?
850 3126 935 3208 quali
958 3127 1150 3211 argumento,
1173 3146 1236 3191 non

134 3229 289 3295 inusitato
302 3229 350 3293 illi
361 3228 446 3292 illius
461 3228 607 3309 temporis
622 3228 719 3310 poetis
736 3230 755 3306 ¹,
778 3218 872 3310 quam
893 3228 986 3309 aptus
1008 3227 1102 3292 fuerit
1123 3227 1235 3294 titulus

133 3324 311 3412 Ἀψεοδεῖς
332 3329 435 3411 ipsum
456 3328 703 3393 Acharnensium
730 3328 888 3392 exordium
911 3328 1007 3393 docet.
1032 3347 1093 3411 qua
1117 3328 1236 3392 1onieo·

133 3436 209 3497 tura
232 3431 323 3508 infra,
346 3429 483 3494 modeste
504 3430 539 3495 ut
562 3429 657 3507 decet,
678 3429 811 3494 utemur.
835 3429 866 3492 id
878 3447 949 3494 voro
962 3428 1043 3511 quod
1054 3427 1236 3493 Acharneu-

135 3533 220 3598 sium
241 3531 409 3596 scholiasta
432 3528 500 3612 (61)
530 3529 567 3594 de
596 3530 743 3614 Morycho
772 3529 859 3607 dicit,
890 3529 949 3593 nisi
976 3549 1011 3594 ex
1041 3529 1107 3611 ipsa
1129 3528 1235 3594 fabula

135 3633 298 3715 sumptum
319 3632 389 3710 fuit,
412 3651 473 3696 non
496 3622 596 3714 potest
614 3620 770 3714 explicari.
813 3632 877 3696 iam
900 3649 970 3694 cum
994 3629 1031 3694 de
1053 3630 1235 3712 integritate

136 3734 262 3799 fabulae
284 3732 358 3814 quid
389 3730 590 3796 iudicandum
612 3732 652 3795 sit
679 3731 928 3809 intellexerimus,
951 3731 983 3796 et
1004 3729 1082 3794 illud
1105 3747 1165 3810 quo
1188 3748 1235 3792 re-

136 3833 300 3898 ferendum
322 3833 364 3896 sit
387 3832 578 3913 compertum
600 3832 756 3896 habemus.

204 4115 207 4120 ,
242 4049 251 4080 ¹
272 3995 446 4117 copreae
456 4047 647 4103 Acharneuses
656 4047 794 4102 Leuconis
804 4048 923 4119 Legatos
942 4052 1031 4103 actam
1051 4047 1086 4108 ol.
1098 4043 1237 4101 LXXXIX

135 4156 161 4192 a.
191 4135 226 4190 11.
