2752 4794
666 16 707 61 ὖῡ

140 183 326 250 oomieorum
343 184 549 263 contumeliae
562 184 630 267 lege
646 183 818 265 prohibitae
832 181 928 247 finisse
941 181 1117 247 traduntur.
1161 196 1237 243 nam
1363 231 1366 240 ,

138 284 306 350 scholiasta
335 286 418 350 Nub.
441 286 481 350 31
504 285 647 368 quamvis
664 304 720 368 pro
745 285 806 350 loei
825 283 945 349 ratione
974 283 1096 365 ineptus
1119 282 1237 348 bonam
1359 284 1376 344 ¹.

139 387 245 452 tamen
263 386 444 452 memoriam
468 386 566 451 hanso
588 386 703 451 tradit:
1362 378 1370 401 ’

236 493 392 585 Ἀμυνίας
412 505 478 565 τῶν
497 502 575 587 περί
604 502 734 580 ἵππους
756 496 968 567 ἐπταικότων.
1009 500 1168 586 μέμνηται
1197 496 1238 565 δι’

139 595 315 668 αὐτοῦκαὶ
336 600 370 668 ἐν
390 607 462 680 τοῖς
481 603 612 722 Σηηξί.
640 606 695 667 νῦν
720 602 756 668 δὲ
777 595 836 667 οὐκ
868 602 991 669 ἐκείνου
1013 594 1240 685 καθάψασθαι
1361 680 1368 695 Ι

138 697 338 786 βουλόμενος
357 700 550 789 μνημονεύει
571 697 671 769 αὐτοῦ
692 697 849 769 nitidans
870 699 945 769 τότε
967 694 1106 785 ίίρχοντα
1127 695 1239 766 διασυ-

140 828 208 889 ρειν
232 799 494 925 προαιρούμενος
515 809 555 894 τῇ
576 804 699 870 ἐκείνου
721 806 926 925 προσηγηρίη
952 798 1120 922 ἐχρήσατο.
1161 794 1238 867 τότε

138 901 198 1029 ηάρ
226 893 322 994 ἦρχεν
344 897 506 989 Ἀμεινίας
534 909 594 971 τοῦ
624 901 806 990 Προνάποι·
835 901 916 984 υίίς·
961 904 1034 970 ε’πεί
1068 889 1126 968 οὖν
1161 894 1240 980 τούς

138 1001 403 1133 Αθηναίους
425 1005 653 1094 πρότερον
676 1011 898 1096 κωμῳδεῖν
925 1003 1004 1073 τὸν
1037 996 1239 1090 αρχοντα

140 1105 159 1176 ὁ
192 1106 329 1195 νόμος
365 1105 582 1192 ἐκώλυεν,
605 1104 775 1198 ἀφαιρέσει
796 1134 856 1193 μεν
868 1133 927 1174 τοτ·
951 1120 966 1174 ῖ
982 1106 1044 1190 (vel
1060 1104 1238 1190 potiusne),

141 1209 383 1295 πρυςτεθέντος
400 1211 437 1277 δὲ
468 1215 567 1277 τοῦῦ
594 1211 810 1297 παρατρέψας
833 1209 942 1295 ὀλίγον
966 1203 1119 1293 Ἀμυνίαν
1138 1200 1240 1277 mizdo
1350 1277 1356 1287 ,

140 1304 234 1378 εἶπεν
255 1302 326 1377 ἅντὶ
345 1315 406 1378 τοῦ
422 1305 586 1396 Ἀμεινίαν
608 1312 772 1399 (φανερῶς
794 1312 876 1396 quod
898 1311 1024 1377 additur
1044 1311 1077 1376 in
1098 1312 1181 1378 Ποῖ.
1209 1313 1239 1377 Θ
1347 1318 1367 1383 “,

140 1413 363 1495 interpolatum
384 1413 482 1479 habeo
505 1435 534 1480 v.
557 1414 660 1479 Dibn.
679 1434 707 1496 p.
730 1413 816 1495 420).

240 1533 377 1599 eiusdem
397 1533 476 1616 legis
497 1534 646 1599 memoria
667 1532 852 1598 subauditur
872 1533 905 1597 in
929 1532 1044 1597 scholio
1076 1530 1156 1597 Ran.
1178 1530 1239 1595 501
1355 1493 1376 1627 ἱ

239 1631 463 1716 Ἀπολλώνιος
484 1636 520 1704 δε
541 1662 580 1703 ου
601 1641 708 1716 κακῶς
729 1635 976 1726 ὑπονενσησθαί
1006 1661 1089 1725 φησι
1112 1633 1152 1704 τὸ
1174 1662 1242 1704 κω-

140 1738 330 1826 μῳδεῖσθαί
350 1763 431 1806 τινα.
472 1733 701 1817 longow
681 1763 752 1804 οτι
783 1763 902 1825 ηρχε,
924 1733 997 1803 δια
1017 1762 1138 1804 τουτο
1163 1730 1240 1805 otia

141 1830 399 1925 ω’νομυίσθη
436 1829 644 1923 (ὠνομάσθαι
674 1841 833 1906 Dobraeus
864 1839 944 1906 Anu
967 1839 999 1904 II
1026 1841 1085 1904 170
1108 1839 1240 1907 fortasse

140 1935 278 2023 recte)
256 1965 275 2024 η
299 1930 436 2024 didym
428 1935 594 2024 πρότερον
614 1965 683 2026 ειρι
669 1942 768 2005 σθαι
792 1940 821 2019 (,‚
825 1939 930 2005 forsan
952 1932 1164 2023 legendum
1141 1963 1161 2025 η
1185 1936 1240 2007 δια

140 2036 179 2107 τὸ
205 2033 433 2108 ot‚“1)0br.l.
455 2062 490 2121 s,
512 2036 533 2128 ἢ
551 2036 604 2106 ὅτι
630 2033 677 2105 ὄλ.
698 2062 755 2123 πρ.
778 2033 901 2124 εἴρηται
923 2040 1063 2123 Usener).
1096 2040 1241 2119 Καλλίας

141 2136 232 2226 γάρὸ
252 2136 445 2207 Ἱππονίκου
460 2140 494 2206 ἐν
511 2141 637 2229 Μελίτη
655 2131 733 2226 η’ίκει
747 2135 811 2207 aad.

240 2250 428 2317 dubitabant
446 2252 484 2317 de
504 2272 540 2318 ea
560 2254 629 2337 lege
653 2255 705 2336 qui
717 2252 898 2318 Atticorum
913 2252 1239 2332 immutandorum,

142 2352 180 2418 ef.
194 2352 368 2419 Boeokhius
384 2371 445 2418 oen.
458 2354 534 2418 Ath.
546 2354 634 2418 1437
655 2354 736 2431 adn,
761 2373 797 2418 ae
818 2356 928 2419 merito
943 2353 1139 2419 dubitabant.
1165 2373 1241 2420 nam

142 2472 223 2536 quae
242 2451 368 2517 tandem
380 2453 462 2518 ratio
473 2453 568 2519 fuerit
581 2472 642 2536 qua
666 2454 781 2519 archen
793 2473 884 2535 quem
904 2472 1073 2536 eponymon
1085 2454 1242 2520 vocabant
1299 2483 1324 2499 -

142 2553 335 2636 praedatoris
354 2555 510 2638 privilegii
528 2555 675 2620 beneficio
696 2555 864 2620 donaretur
883 2573 943 2636 quo
955 2554 1142 2619 oomieorum
1154 2554 1241 2619 metu
1284 2596 1325 2608 κ

142 2654 351 2720 tiberaretur?
392 2657 549 2723 habebant
573 2659 654 2722 enim
677 2677 733 2724 sua
765 2658 930 2740 privilegia
951 2656 1165 2740 magistratus,
1186 2664 1324 2722 noaz

142 2756 257 2821 summi
277 2756 401 2821 tantum
414 2758 466 2822 sed
488 2759 674 2841 quicumque
685 2759 730 2823 rei
742 2758 884 2840 publicae
904 2776 1049 2824 eoronam
1070 2758 1241 2840 aeesperat.

142 2874 204 2921 non
224 2856 367 2938 poterant
396 2859 534 2924 aeeusari
556 2860 616 2924 nisi
649 2860 770 2941 publiea
803 2878 856 2941 per
877 2852 1055 2943 προβολήν.
1097 2858 1315 2940 ἱομὶπιίβ

143 2956 249 3021 autem
269 2956 370 3021 verbis
392 2958 448 3022 aut
475 2959 619 3023 manibus
649 2959 871 3041 magistratum
897 2958 1010 3023 offendi
1037 2957 1086 3022 lex
1113 2958 1284 3025 vetabat5

143 3055 396 3139 gravissimisque
419 3059 523 3140 poenis
545 3058 824 3136 animadvertebat,
842 3058 924 3141 quod
945 3059 1085 3123 ueterum
1106 3059 1287 3124 testatur

143 3155 264 3238 praetor
285 3157 402 3222 eeteros
424 3158 645 3223 Demosthenes
667 3158 754 3237 XXI,
775 3160 832 3223 32:

241 3274 312 3347 ’ίστε
334 3276 441 3366 δήπου
462 3283 558 3346 τοῦθ’
581 3276 632 3347 ὅτι
658 3285 725 3346 τῶν
743 3286 965 3365 θεσμοθετῶν
988 3278 1113 3347 τούτων
1135 3276 1266 3350 ου’·δενῐ

143 3381 355 3467 θεσμοθέτης
386 3379 452 3449 ἔστ’
482 3373 594 3466 ὄνομα,
627 3375 695 3447 ἀλλ’
728 3379 904 3470 ὁτιδήποθ’
933 3379 1067 3471 ἑκάστην.
1110 3377 1150 3448 dv
1183 3386 1251 3470 μὲν

140 3480 251 3565 τοίνυν
272 3472 453 3568 ίὸιώτηυ”
433 3506 512 3550 οντα
533 3478 604 3548 τινὰ
634 3475 741 3548 αυτῶν
763 3479 879 3572 υβρίση
902 3508 952 3562 τις
977 3478 998 3571 ἢ
1018 3486 1124 3564 κακῶς
1152 3510 1250 3574 ειπη,

142 3577 270 3670 γραφὴν
290 3578 418 3669 ὕβρεως
444 3608 499 3649 και
490 3583 609 3671 δίκην
630 3583 822 3671 κακηγορίας
843 3582 928 3651 ἰδίαν
949 3579 1110 3675 φεύξεται,
1128 3582 1184 3652 ἐὰν
1207 3585 1244 3653 δὲ
1300 3602 1306 3667 ,ι

141 3674 401 3771 θεσμοθέτην,
387 3708 503 3767 ατιμος
528 3680 620 3753 ἔσται
640 3679 803 3766 καθάπαξ
823 3708 888 3750 κτε.
1290 3670 1301 3821 η’

224 3813 273 3877 33.
287 3833 341 3876 και
333 3805 453 3876 πάλιν
467 3833 502 3896 ys
521 3805 578 3876 τὸν
595 3834 747 3894 αρχοντα,
766 3804 865 3877 ταυτὸ
883 3814 992 3896 τοῦτο,
1012 3808 1137 3894 ίανμίν
1152 3809 1239 3878 ἔστα
