<?xml version="1.0" encoding="UTF-8"?>
<!DOCTYPE html PUBLIC "-//W3C//DTD XHTML 1.0 Transitional//EN"
    "http://www.w3.org/TR/xhtml1/DTD/xhtml1-transitional.dtd">
<html xmlns="http://www.w3.org/1999/xhtml" xml:lang="en" lang="en">
 <head>
  <title>
</title>
<meta http-equiv="Content-Type" content="text/html;charset=utf-8" />
  <meta name='ocr-system' content='tesseract 3.04.00' />
  <meta name='ocr-capabilities' content='ocr_page ocr_carea ocr_par ocr_line ocrx_word'/>
</head>
<body>
  <div class='ocr_page' id='page_1' title='image "./quaestionesaris00unkngoog_0031.png"; bbox 0 0 2752 4794; ppageno 0'>
   <div class='ocr_carea' id='block_1_1' title="bbox 764 341 806 408">
    <p class='ocr_par' dir='ltr' id='par_1_1' title="bbox 764 341 806 408">
     <span class='ocr_line' id='line_1_1' title="bbox 764 341 806 408; baseline 0 0"><span class='ocrx_word' id='word_1_1' title='bbox 764 341 806 408; x_wconf 74' lang='lat'><strong>20</strong></span> 
     </span>
    </p>
   </div>
   <div class='ocr_carea' id='block_1_2' title="bbox 222 525 1337 1218">
    <p class='ocr_par' dir='ltr' id='par_1_2' title="bbox 238 525 1337 723">
     <span class='ocr_line' id='line_1_2' title="bbox 241 525 1337 617; baseline -0.003 -22"><span class='ocrx_word' id='word_1_2' title='bbox 241 529 410 617; x_wconf 78' lang='lat' dir='ltr'><strong>olympiadi</strong></span> <span class='ocrx_word' id='word_1_3' title='bbox 430 525 594 594; x_wconf 81' lang='lat' dir='ltr'>LXXXIV</span> <span class='ocrx_word' id='word_1_4' title='bbox 614 525 736 592; x_wconf 78' lang='lat' dir='ltr'><strong>meanti</strong></span> <span class='ocrx_word' id='word_1_5' title='bbox 757 527 923 610; x_wconf 81' lang='lat' dir='ltr'><strong>adscripta.</strong></span> <span class='ocrx_word' id='word_1_6' title='bbox 953 526 992 593; x_wconf 94' lang='lat' dir='ltr'><strong>de</strong></span> <span class='ocrx_word' id='word_1_7' title='bbox 1008 527 1149 610; x_wconf 85' lang='lat' dir='ltr'><strong>pluribus</strong></span> <span class='ocrx_word' id='word_1_8' title='bbox 1170 540 1242 593; x_wconf 80' lang='lat' dir='ltr'><strong>vero</strong></span> <span class='ocrx_word' id='word_1_9' title='bbox 1263 528 1337 594; x_wconf 88' lang='lat' dir='ltr'><strong>ante</strong></span> 
     </span>
     <span class='ocr_line' id='line_1_3' title="bbox 238 628 867 723; baseline -0.011 -25"><span class='ocrx_word' id='word_1_10' title='bbox 238 633 280 700; x_wconf 91' lang='lat' dir='ltr'><strong>ol.</strong></span> <span class='ocrx_word' id='word_1_11' title='bbox 300 629 447 697; x_wconf 86' lang='lat' dir='ltr'>LXXXV</span> <span class='ocrx_word' id='word_1_12' title='bbox 467 630 546 695; x_wconf 85' lang='lat' dir='ltr'><strong>aetio</strong></span> <span class='ocrx_word' id='word_1_13' title='bbox 566 646 627 694; x_wconf 91' lang='lat' dir='ltr'><strong>non</strong></span> <span class='ocrx_word' id='word_1_14' title='bbox 647 628 778 694; x_wconf 76' lang='lat' dir='ltr'><strong>mnatat.</strong></span> <span class='ocrx_word' id='word_1_15' title='bbox 862 713 867 723; x_wconf 21' lang='grc' dir='ltr'>ι</span> 
     </span>
    </p>

    <p class='ocr_par' dir='ltr' id='par_1_3' title="bbox 222 728 1336 1218">
     <span class='ocr_line' id='line_1_4' title="bbox 341 728 1336 813; baseline -0.001 -15"><span class='ocrx_word' id='word_1_16' title='bbox 341 730 475 798; x_wconf 75' lang='lat' dir='ltr'><strong>Cratetis</strong></span> <span class='ocrx_word' id='word_1_17' title='bbox 495 730 527 794; x_wconf 93' lang='lat' dir='ltr'><strong>in</strong></span> <span class='ocrx_word' id='word_1_18' title='bbox 549 728 688 813; x_wconf 89' lang='lat' dir='ltr'><strong>reliquiis</strong></span> <span class='ocrx_word' id='word_1_19' title='bbox 702 728 824 794; x_wconf 91' lang='lat' dir='ltr'><strong>nullum</strong></span> <span class='ocrx_word' id='word_1_20' title='bbox 835 730 1019 813; x_wconf 85' lang='lat' dir='ltr'><strong>cuiusquam</strong></span> <span class='ocrx_word' id='word_1_21' title='bbox 1033 749 1336 797; x_wconf 86' lang='lat' dir='ltr'><strong>nomeuneonunou·</strong></span> 
     </span>
     <span class='ocr_line' id='line_1_5' title="bbox 238 828 1336 917; baseline -0.001 -20"><span class='ocrx_word' id='word_1_22' title='bbox 238 834 332 917; x_wconf 84' lang='lat' dir='ltr'><strong>patur</strong></span> <span class='ocrx_word' id='word_1_23' title='bbox 354 846 451 914; x_wconf 89' lang='lat' dir='ltr'><strong>neque</strong></span> <span class='ocrx_word' id='word_1_24' title='bbox 465 829 631 895; x_wconf 89' lang='lat' dir='ltr'><strong>indicatur.</strong></span> <span class='ocrx_word' id='word_1_25' title='bbox 673 828 803 894; x_wconf 90' lang='lat' dir='ltr'><strong>sednon</strong></span> <span class='ocrx_word' id='word_1_26' title='bbox 826 829 948 895; x_wconf 80' lang='lat' dir='ltr'><strong>ridetur</strong></span> <span class='ocrx_word' id='word_1_27' title='bbox 963 831 997 896; x_wconf 92' lang='lat' dir='ltr'><strong>in</strong></span> <span class='ocrx_word' id='word_1_28' title='bbox 1016 831 1075 897; x_wconf 86' lang='lat' dir='ltr'><strong>bac</strong></span> <span class='ocrx_word' id='word_1_29' title='bbox 1088 830 1336 913; x_wconf 70' lang='lat' dir='ltr'><strong>fragmentorum</strong></span> 
     </span>
     <span class='ocr_line' id='line_1_6' title="bbox 239 927 1334 1014; baseline -0.001 -17"><span class='ocrx_word' id='word_1_30' title='bbox 239 931 392 998; x_wconf 83' lang='lat' dir='ltr'><strong>tenuitate</strong></span> <span class='ocrx_word' id='word_1_31' title='bbox 413 948 474 995; x_wconf 90' lang='lat' dir='ltr'><strong>non</strong></span> <span class='ocrx_word' id='word_1_32' title='bbox 496 946 570 994; x_wconf 90' lang='lat' dir='ltr'><strong>oasu</strong></span> <span class='ocrx_word' id='word_1_33' title='bbox 590 927 709 998; x_wconf 82' lang='lat' dir='ltr'><strong>iactum</strong></span> <span class='ocrx_word' id='word_1_34' title='bbox 728 945 794 994; x_wconf 86' lang='lat' dir='ltr'><strong>esse</strong></span> <span class='ocrx_word' id='word_1_35' title='bbox 814 929 851 993; x_wconf 89' lang='lat' dir='ltr'><strong>ut</strong></span> <span class='ocrx_word' id='word_1_36' title='bbox 871 929 1015 996; x_wconf 73' lang='lat' dir='ltr'><strong>licentiae</strong></span> <span class='ocrx_word' id='word_1_37' title='bbox 1034 929 1169 1014; x_wconf 75' lang='lat' dir='ltr'><strong>vesdgia</strong></span> <span class='ocrx_word' id='word_1_38' title='bbox 1188 931 1334 1013; x_wconf 91' lang='lat' dir='ltr'><strong>perirent.</strong></span> 
     </span>
     <span class='ocr_line' id='line_1_7' title="bbox 240 1027 1336 1115; baseline -0.002 -17"><span class='ocrx_word' id='word_1_39' title='bbox 240 1050 339 1115; x_wconf 84' lang='lat' dir='ltr'><strong>neque</strong></span> <span class='ocrx_word' id='word_1_40' title='bbox 359 1028 446 1097; x_wconf 88' lang='lat' dir='ltr'><strong>uliud</strong></span> <span class='ocrx_word' id='word_1_41' title='bbox 475 1029 640 1112; x_wconf 87' lang='lat' dir='ltr'><strong>quisquam</strong></span> <span class='ocrx_word' id='word_1_42' title='bbox 660 1027 838 1094; x_wconf 86' lang='lat' dir='ltr'><strong>confirmari</strong></span> <span class='ocrx_word' id='word_1_43' title='bbox 860 1030 1025 1096; x_wconf 86' lang='lat' dir='ltr'><strong>contendet</strong></span> <span class='ocrx_word' id='word_1_44' title='bbox 1046 1048 1080 1096; x_wconf 92' lang='lat' dir='ltr'><strong>eo</strong></span> <span class='ocrx_word' id='word_1_45' title='bbox 1099 1031 1181 1114; x_wconf 87' lang='lat' dir='ltr'><strong>quod</strong></span> <span class='ocrx_word' id='word_1_46' title='bbox 1202 1032 1242 1096; x_wconf 87' lang='lat' dir='ltr'><strong>ab</strong></span> <span class='ocrx_word' id='word_1_47' title='bbox 1261 1030 1336 1096; x_wconf 84' lang='lat' dir='ltr'><strong>Ari·</strong></span> 
     </span>
     <span class='ocr_line' id='line_1_8' title="bbox 222 1119 1334 1218; baseline -0.004 -20"><span class='ocrx_word' id='word_1_48' title='bbox 222 1132 351 1198; x_wconf 54' lang='lat' dir='ltr'><strong>&gt;stotele</strong></span> <span class='ocrx_word' id='word_1_49' title='bbox 381 1128 579 1212; x_wconf 82' lang='lat' dir='ltr'><strong>praedicatur</strong></span> <span class='ocrx_word' id='word_1_50' title='bbox 600 1128 637 1192; x_wconf 88' lang='lat' dir='ltr'><strong>ut</strong></span> <span class='ocrx_word' id='word_1_51' title='bbox 663 1127 781 1210; x_wconf 78' lang='lat' dir='ltr'><strong>prtmus</strong></span> <span class='ocrx_word' id='word_1_52' title='bbox 804 1119 967 1216; x_wconf 68' lang='grc' dir='ltr'><strong>ἀφέμενος</strong></span> <span class='ocrx_word' id='word_1_53' title='bbox 987 1131 1044 1217; x_wconf 76' lang='grc' dir='ltr'><strong>τῆς</strong></span> <span class='ocrx_word' id='word_1_54' title='bbox 1065 1126 1214 1218; x_wconf 78' lang='grc' dir='ltr'><strong><em>ἰαμβικῆς</em></strong></span> <span class='ocrx_word' id='word_1_55' title='bbox 1238 1125 1334 1206; x_wconf 77' lang='grc' dir='ltr'><strong><em>ἰδέας.</em></strong></span> 
     </span>
    </p>
   </div>
   <div class='ocr_carea' id='block_1_3' title="bbox 127 1225 1334 1315">
    <p class='ocr_par' dir='ltr' id='par_1_4' title="bbox 127 1225 1334 1315">
     <span class='ocr_line' id='line_1_9' title="bbox 127 1225 1334 1315; baseline -0.002 -17"><span class='ocrx_word' id='word_1_56' title='bbox 127 1264 132 1271; x_wconf 94' lang='lat'>·</span> <span class='ocrx_word' id='word_1_57' title='bbox 240 1248 431 1315; x_wconf 84' lang='lat' dir='ltr'><strong>quamquam</strong></span> <span class='ocrx_word' id='word_1_58' title='bbox 452 1225 587 1293; x_wconf 88' lang='lat' dir='ltr'><strong>multum</strong></span> <span class='ocrx_word' id='word_1_59' title='bbox 608 1227 717 1292; x_wconf 90' lang='lat' dir='ltr'><strong>aberat</strong></span> <span class='ocrx_word' id='word_1_60' title='bbox 738 1227 892 1294; x_wconf 72' lang='lat' dir='ltr'><strong>atrotini</strong></span> <span class='ocrx_word' id='word_1_61' title='bbox 913 1231 1093 1309; x_wconf 85' lang='lat' dir='ltr'><strong>acerbitate,</strong></span> <span class='ocrx_word' id='word_1_62' title='bbox 1135 1230 1174 1296; x_wconf 81' lang='lat' dir='ltr'><strong>ei.</strong></span> <span class='ocrx_word' id='word_1_63' title='bbox 1196 1230 1234 1296; x_wconf 90' lang='lat' dir='ltr'><strong>ds</strong></span> <span class='ocrx_word' id='word_1_64' title='bbox 1255 1247 1334 1295; x_wconf 88' lang='lat' dir='ltr'><strong>eom.</strong></span> 
     </span>
    </p>
   </div>
   <div class='ocr_carea' id='block_1_4' title="bbox 199 1326 1334 1912">
    <p class='ocr_par' dir='ltr' id='par_1_5' title="bbox 199 1326 1334 1912">
     <span class='ocr_line' id='line_1_10' title="bbox 242 1326 1334 1412; baseline -0.002 -16"><span class='ocrx_word' id='word_1_65' title='bbox 242 1331 292 1396; x_wconf 93' lang='grc' dir='ltr'><strong>ΙΙΙ</strong></span> <span class='ocrx_word' id='word_1_66' title='bbox 315 1331 364 1394; x_wconf 88' lang='lat'><strong>35.</strong></span> <span class='ocrx_word' id='word_1_67' title='bbox 387 1330 428 1393; x_wconf 85' lang='grc'><strong>36</strong></span> <span class='ocrx_word' id='word_1_68' title='bbox 446 1347 475 1411; x_wconf 94' lang='lat' dir='ltr'><strong>p.</strong></span> <span class='ocrx_word' id='word_1_69' title='bbox 497 1327 556 1392; x_wconf 88' lang='lat' dir='ltr'><strong>XV</strong></span> <span class='ocrx_word' id='word_1_70' title='bbox 578 1327 627 1406; x_wconf 86' lang='lat' dir='ltr'><strong>D.‚</strong></span> <span class='ocrx_word' id='word_1_71' title='bbox 649 1326 743 1392; x_wconf 88' lang='lat' dir='ltr'><strong>Mein.</strong></span> <span class='ocrx_word' id='word_1_72' title='bbox 765 1328 806 1392; x_wconf 91' lang='lat' dir='ltr'><strong>H.</strong></span> <span class='ocrx_word' id='word_1_73' title='bbox 831 1327 863 1393; x_wconf 80' lang='lat' dir='ltr'><strong>O.</strong></span> <span class='ocrx_word' id='word_1_74' title='bbox 887 1349 915 1412; x_wconf 91' lang='lat' dir='ltr'><strong>p.</strong></span> <span class='ocrx_word' id='word_1_75' title='bbox 938 1331 989 1394; x_wconf 80' lang='lat'><strong>60.</strong></span> <span class='ocrx_word' id='word_1_76' title='bbox 1031 1330 1218 1394; x_wconf 87' lang='lat' dir='ltr'><strong>memoretur</strong></span> <span class='ocrx_word' id='word_1_77' title='bbox 1235 1330 1334 1394; x_wconf 89' lang='lat' dir='ltr'><strong>etiam</strong></span> 
     </span>
     <span class='ocr_line' id='line_1_11' title="bbox 240 1426 1334 1516; baseline -0.005 -17"><span class='ocrx_word' id='word_1_78' title='bbox 240 1430 323 1516; x_wconf 85' lang='lat' dir='ltr'><strong>quod</strong></span> <span class='ocrx_word' id='word_1_79' title='bbox 337 1450 375 1496; x_wconf 93' lang='lat' dir='ltr'><strong>ne</strong></span> <span class='ocrx_word' id='word_1_80' title='bbox 389 1430 422 1495; x_wconf 91' lang='lat' dir='ltr'><strong>in</strong></span> <span class='ocrx_word' id='word_1_81' title='bbox 434 1427 609 1495; x_wconf 81' lang='lat' dir='ltr'><strong>Ohionideis</strong></span> <span class='ocrx_word' id='word_1_82' title='bbox 624 1426 748 1512; x_wconf 89' lang='lat' dir='ltr'><strong>quidem</strong></span> <span class='ocrx_word' id='word_1_83' title='bbox 763 1428 947 1512; x_wconf 78' lang='lat' dir='ltr'><strong>fragmentis</strong></span> <span class='ocrx_word' id='word_1_84' title='bbox 957 1431 1083 1495; x_wconf 89' lang='lat' dir='ltr'><strong>nomine</strong></span> <span class='ocrx_word' id='word_1_85' title='bbox 1093 1430 1199 1496; x_wconf 72' lang='lat' dir='ltr'><strong>extem</strong></span> <span class='ocrx_word' id='word_1_86' title='bbox 1212 1431 1334 1512; x_wconf 89' lang='lat' dir='ltr'><strong>praeter</strong></span> 
     </span>
     <span class='ocr_line' id='line_1_12' title="bbox 236 1528 1333 1613; baseline -0.002 -17"><span class='ocrx_word' id='word_1_87' title='bbox 236 1531 339 1602; x_wconf 77' lang='lat' dir='ltr'><strong>blond.</strong></span> <span class='ocrx_word' id='word_1_88' title='bbox 374 1530 411 1595; x_wconf 88' lang='lat' dir='ltr'><strong>ir.</strong></span> <span class='ocrx_word' id='word_1_89' title='bbox 438 1530 464 1594; x_wconf 94' lang='lat' dir='ltr'><strong>I.</strong></span> <span class='ocrx_word' id='word_1_90' title='bbox 490 1548 545 1594; x_wconf 87' lang='lat' dir='ltr'><strong>neo</strong></span> <span class='ocrx_word' id='word_1_91' title='bbox 573 1529 675 1594; x_wconf 87' lang='lat' dir='ltr'><strong>multa</strong></span> <span class='ocrx_word' id='word_1_92' title='bbox 706 1528 900 1595; x_wconf 83' lang='lat' dir='ltr'><strong>Pherecratio</strong></span> <span class='ocrx_word' id='word_1_93' title='bbox 943 1530 1091 1613; x_wconf 78' lang='lat' dir='ltr'><strong>reliquiae</strong></span> <span class='ocrx_word' id='word_1_94' title='bbox 1116 1530 1333 1595; x_wconf 75' lang='lat' dir='ltr'><strong>boduotorum</strong></span> 
     </span>
     <span class='ocr_line' id='line_1_13' title="bbox 237 1619 1333 1714; baseline -0.003 -16"><span class='ocrx_word' id='word_1_95' title='bbox 237 1632 398 1698; x_wconf 91' lang='lat' dir='ltr'><strong>hominum</strong></span> <span class='ocrx_word' id='word_1_96' title='bbox 419 1630 546 1695; x_wconf 86' lang='lat' dir='ltr'><strong>nomina</strong></span> <span class='ocrx_word' id='word_1_97' title='bbox 568 1629 762 1695; x_wconf 79' lang='lat' dir='ltr'><strong>retinuerunt</strong></span> <span class='ocrx_word' id='word_1_98' title='bbox 782 1629 821 1694; x_wconf 84' lang='lat' dir='ltr'><strong>ci.</strong></span> <span class='ocrx_word' id='word_1_99' title='bbox 840 1629 870 1695; x_wconf 82' lang='lat' dir='ltr'><strong>d.</strong></span> <span class='ocrx_word' id='word_1_100' title='bbox 894 1648 971 1695; x_wconf 83' lang='lat' dir='ltr'><strong>com.-</strong></span> <span class='ocrx_word' id='word_1_101' title='bbox 987 1630 1036 1695; x_wconf 91' lang='lat' dir='ltr'><strong>lII</strong></span> <span class='ocrx_word' id='word_1_102' title='bbox 1053 1631 1093 1696; x_wconf 83' lang='lat'><strong>38</strong></span> <span class='ocrx_word' id='word_1_103' title='bbox 1114 1649 1160 1714; x_wconf 91' lang='lat' dir='ltr'><strong>sq.</strong></span> <span class='ocrx_word' id='word_1_104' title='bbox 1184 1632 1224 1711; x_wconf 75' lang='lat' dir='ltr'><strong>(v.</strong></span> <span class='ocrx_word' id='word_1_105' title='bbox 1238 1619 1333 1713; x_wconf 69' lang='lat' dir='ltr'><strong>”App</strong></span> 
     </span>
     <span class='ocr_line' id='line_1_14' title="bbox 199 1721 1332 1813; baseline -0.002 -15"><span class='ocrx_word' id='word_1_106' title='bbox 199 1779 200 1784; x_wconf 48' lang='lat'>.</span> <span class='ocrx_word' id='word_1_107' title='bbox 236 1733 274 1798; x_wconf 81' lang='lat' dir='ltr'><strong>ir.</strong></span> <span class='ocrx_word' id='word_1_108' title='bbox 289 1731 335 1797; x_wconf 92' lang='lat' dir='ltr'><strong>IV</strong></span> <span class='ocrx_word' id='word_1_109' title='bbox 351 1733 380 1797; x_wconf 88' lang='lat' dir='ltr'>V</span> <span class='ocrx_word' id='word_1_110' title='bbox 395 1731 466 1810; x_wconf 85' lang='lat' dir='ltr'><strong>Vll,</strong></span> <span class='ocrx_word' id='word_1_111' title='bbox 488 1721 572 1794; x_wconf 74' lang='lat' dir='ltr'><strong>’Ina</strong></span> <span class='ocrx_word' id='word_1_112' title='bbox 587 1728 629 1807; x_wconf 88' lang='grc' dir='ltr'><strong>Π,</strong></span> <span class='ocrx_word' id='word_1_113' title='bbox 647 1722 769 1793; x_wconf 73' lang='lat' dir='ltr'><strong>Haedi.</strong></span> <span class='ocrx_word' id='word_1_114' title='bbox 795 1730 828 1794; x_wconf 90' lang='grc' dir='ltr'><strong><em>Π</em></strong></span> <span class='ocrx_word' id='word_1_115' title='bbox 844 1729 902 1808; x_wconf 82' lang='lat' dir='ltr'>III,</span> <span class='ocrx_word' id='word_1_116' title='bbox 925 1729 1018 1813; x_wconf 80' lang='lat' dir='ltr'><strong>Xsr&#39;p.</strong></span> <span class='ocrx_word' id='word_1_117' title='bbox 1041 1731 1066 1809; x_wconf 87' lang='lat' dir='ltr'><strong>I,</strong></span> <span class='ocrx_word' id='word_1_118' title='bbox 1088 1731 1121 1796; x_wconf 91' lang='lat' dir='ltr'><strong>et</strong></span> <span class='ocrx_word' id='word_1_119' title='bbox 1145 1730 1183 1796; x_wconf 85' lang='lat' dir='ltr'><strong>ir.</strong></span> <span class='ocrx_word' id='word_1_120' title='bbox 1202 1731 1262 1796; x_wconf 89' lang='lat' dir='ltr'><strong>ine.</strong></span> <span class='ocrx_word' id='word_1_121' title='bbox 1279 1731 1332 1812; x_wconf 90' lang='lat' dir='ltr'><strong>V).</strong></span> 
     </span>
     <span class='ocr_line' id='line_1_15' title="bbox 239 1829 900 1912; baseline -0.008 -13"><span class='ocrx_word' id='word_1_122' title='bbox 239 1832 293 1898; x_wconf 85' lang='lat' dir='ltr'><strong>sod</strong></span> <span class='ocrx_word' id='word_1_123' title='bbox 312 1851 330 1898; x_wconf 90' lang='lat' dir='ltr'><strong>e</strong></span> <span class='ocrx_word' id='word_1_124' title='bbox 349 1832 466 1898; x_wconf 85' lang='lat' dir='ltr'><strong>talibus</strong></span> <span class='ocrx_word' id='word_1_125' title='bbox 487 1829 624 1895; x_wconf 88' lang='lat' dir='ltr'><strong>iudicare</strong></span> <span class='ocrx_word' id='word_1_126' title='bbox 644 1829 823 1912; x_wconf 84' lang='lat' dir='ltr'><strong>ineptiantis</strong></span> <span class='ocrx_word' id='word_1_127' title='bbox 845 1831 900 1895; x_wconf 89' lang='lat' dir='ltr'><strong>est.</strong></span> 
     </span>
    </p>
   </div>
   <div class='ocr_carea' id='block_1_5' title="bbox 236 1928 1334 2416">
    <p class='ocr_par' dir='ltr' id='par_1_6' title="bbox 236 1928 1334 2416">
     <span class='ocr_line' id='line_1_16' title="bbox 339 1928 1333 2013; baseline -0.002 -16"><span class='ocrx_word' id='word_1_128' title='bbox 339 1931 423 1998; x_wconf 83' lang='lat' dir='ltr'><strong>Satis</strong></span> <span class='ocrx_word' id='word_1_129' title='bbox 437 1930 537 2013; x_wconf 78' lang='lat' dir='ltr'><strong>igitur</strong></span> <span class='ocrx_word' id='word_1_130' title='bbox 552 1928 672 1994; x_wconf 76' lang='lat' dir='ltr'><strong>Cratini</strong></span> <span class='ocrx_word' id='word_1_131' title='bbox 686 1929 858 2011; x_wconf 82' lang='lat' dir='ltr'><strong>exemplum</strong></span> <span class='ocrx_word' id='word_1_132' title='bbox 879 1929 978 2007; x_wconf 88' lang='lat' dir='ltr'><strong>docet,</strong></span> <span class='ocrx_word' id='word_1_133' title='bbox 994 1949 1126 1996; x_wconf 84' lang='lat' dir='ltr'><strong>vacuam</strong></span> <span class='ocrx_word' id='word_1_134' title='bbox 1141 1929 1235 1994; x_wconf 83' lang='lat' dir='ltr'><strong>frenis</strong></span> <span class='ocrx_word' id='word_1_135' title='bbox 1251 1930 1333 1997; x_wconf 83' lang='lat' dir='ltr'><strong>inter</strong></span> 
     </span>
     <span class='ocr_line' id='line_1_17' title="bbox 236 2028 1333 2113; baseline -0.004 -16"><span class='ocrx_word' id='word_1_136' title='bbox 236 2032 326 2097; x_wconf 89' lang='lat' dir='ltr'><strong>ludos</strong></span> <span class='ocrx_word' id='word_1_137' title='bbox 347 2030 487 2113; x_wconf 89' lang='lat' dir='ltr'><strong>publicos</strong></span> <span class='ocrx_word' id='word_1_138' title='bbox 507 2029 662 2110; x_wconf 85' lang='lat' dir='ltr'><strong>receptam</strong></span> <span class='ocrx_word' id='word_1_139' title='bbox 684 2046 749 2093; x_wconf 89' lang='lat' dir='ltr'><strong>esse</strong></span> <span class='ocrx_word' id='word_1_140' title='bbox 768 2028 966 2094; x_wconf 88' lang='lat' dir='ltr'><strong>comoediam.</strong></span> <span class='ocrx_word' id='word_1_141' title='bbox 1010 2029 1093 2111; x_wconf 91' lang='lat' dir='ltr'><strong>quod</strong></span> <span class='ocrx_word' id='word_1_142' title='bbox 1114 2047 1184 2094; x_wconf 90' lang='lat' dir='ltr'><strong>cum</strong></span> <span class='ocrx_word' id='word_1_143' title='bbox 1200 2028 1254 2093; x_wconf 91' lang='lat' dir='ltr'><strong>illo</strong></span> <span class='ocrx_word' id='word_1_144' title='bbox 1278 2048 1333 2110; x_wconf 93' lang='lat' dir='ltr'><strong>po-</strong></span> 
     </span>
     <span class='ocr_line' id='line_1_18' title="bbox 238 2129 1334 2212; baseline -0.002 -15"><span class='ocrx_word' id='word_1_145' title='bbox 238 2133 395 2197; x_wconf 89' lang='lat' dir='ltr'><strong>tissimum</strong></span> <span class='ocrx_word' id='word_1_146' title='bbox 416 2131 552 2212; x_wconf 88' lang='lat' dir='ltr'><strong>tempore</strong></span> <span class='ocrx_word' id='word_1_147' title='bbox 573 2129 692 2194; x_wconf 85' lang='lat' dir='ltr'><strong>iactum</strong></span> <span class='ocrx_word' id='word_1_148' title='bbox 712 2129 754 2193; x_wconf 86' lang='lat' dir='ltr'><strong>ait</strong></span> <span class='ocrx_word' id='word_1_149' title='bbox 773 2147 833 2212; x_wconf 91' lang='lat' dir='ltr'><strong>quo</strong></span> <span class='ocrx_word' id='word_1_150' title='bbox 855 2129 959 2211; x_wconf 89' lang='lat' dir='ltr'><strong>populi</strong></span> <span class='ocrx_word' id='word_1_151' title='bbox 982 2131 1105 2195; x_wconf 85' lang='lat' dir='ltr'><strong>animo</strong></span> <span class='ocrx_word' id='word_1_152' title='bbox 1115 2129 1234 2195; x_wconf 88' lang='lat' dir='ltr'><strong>Pericle</strong></span> <span class='ocrx_word' id='word_1_153' title='bbox 1255 2129 1334 2195; x_wconf 89' lang='lat' dir='ltr'><strong>duce</strong></span> 
     </span>
     <span class='ocr_line' id='line_1_19' title="bbox 239 2228 1332 2315; baseline -0.002 -19"><span class='ocrx_word' id='word_1_154' title='bbox 239 2250 333 2315; x_wconf 84' lang='lat' dir='ltr'><strong>quam</strong></span> <span class='ocrx_word' id='word_1_155' title='bbox 367 2229 500 2295; x_wconf 83' lang='lat' dir='ltr'><strong>maxime</strong></span> <span class='ocrx_word' id='word_1_156' title='bbox 528 2228 709 2294; x_wconf 70' lang='lat' dir='ltr'><strong>excolendae</strong></span> <span class='ocrx_word' id='word_1_157' title='bbox 741 2228 882 2311; x_wconf 86' lang='lat' dir='ltr'><strong>publicae</strong></span> <span class='ocrx_word' id='word_1_158' title='bbox 915 2229 1053 2295; x_wconf 80' lang='lat' dir='ltr'><strong>libertati</strong></span> <span class='ocrx_word' id='word_1_159' title='bbox 1084 2229 1238 2306; x_wconf 84' lang='lat' dir='ltr'><strong>studebat,</strong></span> <span class='ocrx_word' id='word_1_160' title='bbox 1270 2249 1332 2294; x_wconf 92' lang='lat' dir='ltr'><strong>non</strong></span> 
     </span>
     <span class='ocr_line' id='line_1_20' title="bbox 237 2321 1332 2416; baseline -0.002 -20"><span class='ocrx_word' id='word_1_161' title='bbox 237 2331 362 2416; x_wconf 87' lang='lat' dir='ltr'><strong>ingenio</strong></span> <span class='ocrx_word' id='word_1_162' title='bbox 376 2330 503 2396; x_wconf 88' lang='lat' dir='ltr'><strong>tantum</strong></span> <span class='ocrx_word' id='word_1_163' title='bbox 520 2327 676 2394; x_wconf 85' lang='lat' dir='ltr'><strong>Periclsae</strong></span> <span class='ocrx_word' id='word_1_164' title='bbox 690 2321 810 2408; x_wconf 76' lang='lat' dir='ltr'><strong>aetatis,</strong></span> <span class='ocrx_word' id='word_1_165' title='bbox 825 2329 877 2394; x_wconf 90' lang='lat' dir='ltr'><strong>sed</strong></span> <span class='ocrx_word' id='word_1_166' title='bbox 896 2328 992 2412; x_wconf 86' lang='lat' dir='ltr'><strong>ipsius</strong></span> <span class='ocrx_word' id='word_1_167' title='bbox 1007 2329 1135 2395; x_wconf 77' lang='lat' dir='ltr'><strong>Periclis</strong></span> <span class='ocrx_word' id='word_1_168' title='bbox 1150 2330 1332 2395; x_wconf 84' lang='lat' dir='ltr'><strong>auctoritati</strong></span> 
     </span>
    </p>
   </div>
   <div class='ocr_carea' id='block_1_6' title="bbox 211 2428 1331 4318">
    <p class='ocr_par' dir='ltr' id='par_1_7' title="bbox 211 2428 1331 3711">
     <span class='ocr_line' id='line_1_21' title="bbox 238 2428 1330 2497; baseline -0.001 0"><span class='ocrx_word' id='word_1_169' title='bbox 238 2432 330 2497; x_wconf 81' lang='lat' dir='ltr'><strong>facile</strong></span> <span class='ocrx_word' id='word_1_170' title='bbox 352 2429 572 2496; x_wconf 83' lang='lat' dir='ltr'><strong>adduceremur</strong></span> <span class='ocrx_word' id='word_1_171' title='bbox 592 2429 629 2494; x_wconf 87' lang='lat' dir='ltr'><strong>ut</strong></span> <span class='ocrx_word' id='word_1_172' title='bbox 655 2444 768 2494; x_wconf 84' lang='lat' dir='ltr'><strong>novam</strong></span> <span class='ocrx_word' id='word_1_173' title='bbox 791 2428 965 2494; x_wconf 88' lang='lat' dir='ltr'><strong>comoediae</strong></span> <span class='ocrx_word' id='word_1_174' title='bbox 994 2430 1203 2495; x_wconf 88' lang='lat' dir='ltr'><strong>condicionem</strong></span> <span class='ocrx_word' id='word_1_175' title='bbox 1225 2429 1330 2496; x_wconf 89' lang='lat' dir='ltr'><strong>deberi</strong></span> 
     </span>
     <span class='ocr_line' id='line_1_22' title="bbox 211 2527 1331 2616; baseline 0 -20"><span class='ocrx_word' id='word_1_176' title='bbox 211 2533 425 2616; x_wconf 68' lang='lat' dir='ltr'><strong>‚putaremua</strong></span> <span class='ocrx_word' id='word_1_177' title='bbox 455 2529 514 2594; x_wconf 92' lang='lat' dir='ltr'><strong>nisi</strong></span> <span class='ocrx_word' id='word_1_178' title='bbox 537 2527 730 2594; x_wconf 81' lang='lat' dir='ltr'><strong>infestissimi</strong></span> <span class='ocrx_word' id='word_1_179' title='bbox 752 2529 939 2595; x_wconf 83' lang='lat' dir='ltr'><strong>comicorum</strong></span> <span class='ocrx_word' id='word_1_180' title='bbox 961 2531 993 2594; x_wconf 93' lang='lat' dir='ltr'><strong>in</strong></span> <span class='ocrx_word' id='word_1_181' title='bbox 1016 2530 1153 2596; x_wconf 85' lang='lat' dir='ltr'><strong>civitatis</strong></span> <span class='ocrx_word' id='word_1_182' title='bbox 1174 2530 1331 2614; x_wconf 84' lang='lat' dir='ltr'><strong>guberna·</strong></span> 
     </span>
     <span class='ocr_line' id='line_1_23' title="bbox 235 2627 1331 2711; baseline -0.003 -14"><span class='ocrx_word' id='word_1_183' title='bbox 235 2634 332 2698; x_wconf 88' lang='lat' dir='ltr'><strong>torem</strong></span> <span class='ocrx_word' id='word_1_184' title='bbox 350 2629 484 2711; x_wconf 87' lang='lat' dir='ltr'><strong>impetus</strong></span> <span class='ocrx_word' id='word_1_185' title='bbox 506 2627 673 2693; x_wconf 85' lang='lat' dir='ltr'><strong>obstarent.</strong></span> <span class='ocrx_word' id='word_1_186' title='bbox 717 2630 767 2693; x_wconf 87' lang='lat' dir='ltr'><strong>eui</strong></span> <span class='ocrx_word' id='word_1_187' title='bbox 789 2647 858 2694; x_wconf 91' lang='lat' dir='ltr'><strong>oum</strong></span> <span class='ocrx_word' id='word_1_188' title='bbox 879 2627 1024 2707; x_wconf 80' lang='lat' dir='ltr'><strong>Cratinus</strong></span> <span class='ocrx_word' id='word_1_189' title='bbox 1039 2629 1226 2711; x_wconf 82' lang='lat' dir='ltr'><strong>Hermippus</strong></span> <span class='ocrx_word' id='word_1_190' title='bbox 1241 2629 1331 2695; x_wconf 79' lang='lat' dir='ltr'><strong>I’ele·</strong></span> 
     </span>
     <span class='ocr_line' id='line_1_24' title="bbox 236 2727 1329 2812; baseline -0.001 -14"><span class='ocrx_word' id='word_1_191' title='bbox 236 2731 330 2798; x_wconf 90' lang='lat' dir='ltr'><strong>olidos</strong></span> <span class='ocrx_word' id='word_1_192' title='bbox 349 2729 404 2795; x_wconf 84' lang='lat' dir='ltr'><strong>alii</strong></span> <span class='ocrx_word' id='word_1_193' title='bbox 417 2727 557 2794; x_wconf 76' lang='lat' dir='ltr'><strong>convicia</strong></span> <span class='ocrx_word' id='word_1_194' title='bbox 570 2728 724 2810; x_wconf 79' lang='lat' dir='ltr'><strong>permulta</strong></span> <span class='ocrx_word' id='word_1_195' title='bbox 744 2729 887 2795; x_wconf 86' lang='lat' dir='ltr'><strong>intulisse</strong></span> <span class='ocrx_word' id='word_1_196' title='bbox 901 2728 1076 2808; x_wconf 83' lang='lat' dir='ltr'><strong>tradantur,</strong></span> <span class='ocrx_word' id='word_1_197' title='bbox 1099 2731 1329 2812; x_wconf 86' lang='lat' dir='ltr'><strong>patrocinatum</strong></span> 
     </span>
     <span class='ocr_line' id='line_1_25' title="bbox 236 2829 1331 2912; baseline 0 -15"><span class='ocrx_word' id='word_1_198' title='bbox 236 2850 299 2897; x_wconf 80' lang='lat' dir='ltr'><strong>asse</strong></span> <span class='ocrx_word' id='word_1_199' title='bbox 327 2829 447 2896; x_wconf 85' lang='lat' dir='ltr'><strong>nullum</strong></span> <span class='ocrx_word' id='word_1_200' title='bbox 477 2830 691 2912; x_wconf 87' lang='lat' dir='ltr'><strong>comperimus,</strong></span> <span class='ocrx_word' id='word_1_201' title='bbox 718 2831 814 2896; x_wconf 93' lang='lat' dir='ltr'><strong>immo</strong></span> <span class='ocrx_word' id='word_1_202' title='bbox 844 2850 882 2896; x_wconf 88' lang='lat' dir='ltr'><strong>ne</strong></span> <span class='ocrx_word' id='word_1_203' title='bbox 909 2833 1032 2896; x_wconf 86' lang='lat' dir='ltr'><strong>mortuo</strong></span> <span class='ocrx_word' id='word_1_204' title='bbox 1061 2831 1186 2912; x_wconf 90' lang='lat' dir='ltr'><strong>quidem</strong></span> <span class='ocrx_word' id='word_1_205' title='bbox 1207 2831 1331 2897; x_wconf 79' lang='lat' dir='ltr'><strong>Aristo·</strong></span> 
     </span>
     <span class='ocr_line' id='line_1_26' title="bbox 235 2928 1331 3014; baseline -0.003 -15"><span class='ocrx_word' id='word_1_206' title='bbox 235 2933 367 3014; x_wconf 86' lang='lat' dir='ltr'><strong>phanem</strong></span> <span class='ocrx_word' id='word_1_207' title='bbox 388 2929 555 3013; x_wconf 77' lang='lat' dir='ltr'><strong>pepercisse</strong></span> <span class='ocrx_word' id='word_1_208' title='bbox 578 2928 669 3011; x_wconf 90' lang='lat' dir='ltr'><strong>(th.</strong></span> <span class='ocrx_word' id='word_1_209' title='bbox 699 2932 761 2998; x_wconf 82' lang='lat'><strong>530</strong></span> <span class='ocrx_word' id='word_1_210' title='bbox 785 2931 855 3014; x_wconf 62' lang='lat' dir='ltr'><strong>aql.</strong></span> <span class='ocrx_word' id='word_1_211' title='bbox 897 2931 936 2997; x_wconf 90' lang='lat' dir='ltr'><strong>cf.</strong></span> <span class='ocrx_word' id='word_1_212' title='bbox 966 2930 1050 2995; x_wconf 86' lang='lat' dir='ltr'><strong>Plut.</strong></span> <span class='ocrx_word' id='word_1_213' title='bbox 1080 2929 1149 2996; x_wconf 88' lang='lat' dir='ltr'><strong>Per.</strong></span> <span class='ocrx_word' id='word_1_214' title='bbox 1179 2931 1221 2996; x_wconf 91' lang='lat' dir='ltr'><strong>ll.</strong></span> <span class='ocrx_word' id='word_1_215' title='bbox 1246 2930 1331 2996; x_wconf 91' lang='lat' dir='ltr'><strong>Vlll.</strong></span> 
     </span>
     <span class='ocr_line' id='line_1_27' title="bbox 235 3027 1330 3112; baseline -0.003 -15"><span class='ocrx_word' id='word_1_216' title='bbox 235 3029 324 3097; x_wconf 89' lang='lat' dir='ltr'>XIII.</span> <span class='ocrx_word' id='word_1_217' title='bbox 344 3029 429 3095; x_wconf 88' lang='lat' dir='ltr'>XVI.</span> <span class='ocrx_word' id='word_1_218' title='bbox 450 3027 567 3095; x_wconf 87' lang='lat' dir='ltr'>XXIV.</span> <span class='ocrx_word' id='word_1_219' title='bbox 589 3028 739 3109; x_wconf 86' lang='lat' dir='ltr'>XXXIII,</span> <span class='ocrx_word' id='word_1_220' title='bbox 782 3031 939 3112; x_wconf 84' lang='lat' dir='ltr'><strong>praeterea</strong></span> <span class='ocrx_word' id='word_1_221' title='bbox 958 3028 1078 3095; x_wconf 75' lang='lat' dir='ltr'><strong>Cratini</strong></span> <span class='ocrx_word' id='word_1_222' title='bbox 1092 3029 1197 3111; x_wconf 81' lang='lat' dir='ltr'><strong>Fugit.</strong></span> <span class='ocrx_word' id='word_1_223' title='bbox 1219 3029 1257 3093; x_wconf 84' lang='lat' dir='ltr'><strong>ir.</strong></span> <span class='ocrx_word' id='word_1_224' title='bbox 1280 3029 1330 3094; x_wconf 93' lang='lat' dir='ltr'><strong>III</strong></span> 
     </span>
     <span class='ocr_line' id='line_1_28' title="bbox 236 3127 1330 3214; baseline -0.004 -15"><span class='ocrx_word' id='word_1_225' title='bbox 236 3131 281 3210; x_wconf 86' lang='lat' dir='ltr'><strong>(II</strong></span> <span class='ocrx_word' id='word_1_226' title='bbox 309 3128 374 3214; x_wconf 74' lang='lat'>45),</span> <span class='ocrx_word' id='word_1_227' title='bbox 426 3130 464 3193; x_wconf 89' lang='lat' dir='ltr'><strong>fr.</strong></span> <span class='ocrx_word' id='word_1_228' title='bbox 502 3129 562 3194; x_wconf 91' lang='lat' dir='ltr'><strong>inc.</strong></span> <span class='ocrx_word' id='word_1_229' title='bbox 593 3127 728 3196; x_wconf 79' lang='lat' dir='ltr'><strong>cxxiii</strong></span> <span class='ocrx_word' id='word_1_230' title='bbox 761 3130 809 3213; x_wconf 79' lang='grc' dir='ltr'><strong>(ΙΙ</strong></span> <span class='ocrx_word' id='word_1_231' title='bbox 840 3131 925 3207; x_wconf 77' lang='grc'>211),</span> <span class='ocrx_word' id='word_1_232' title='bbox 964 3129 1075 3195; x_wconf 75' lang='lat' dir='ltr'><strong>Peleoi.</strong></span> <span class='ocrx_word' id='word_1_233' title='bbox 1109 3129 1182 3193; x_wconf 87' lang='lat' dir='ltr'><strong>Hes.</strong></span> <span class='ocrx_word' id='word_1_234' title='bbox 1218 3128 1255 3193; x_wconf 85' lang='lat' dir='ltr'><strong>lr.</strong></span> <span class='ocrx_word' id='word_1_235' title='bbox 1285 3129 1330 3195; x_wconf 88' lang='lat' dir='ltr'><strong>IV</strong></span> 
     </span>
     <span class='ocr_line' id='line_1_29' title="bbox 235 3229 1330 3314; baseline -0.003 -18"><span class='ocrx_word' id='word_1_236' title='bbox 235 3230 282 3311; x_wconf 80' lang='grc' dir='ltr'><strong>(Π</strong></span> <span class='ocrx_word' id='word_1_237' title='bbox 296 3231 384 3313; x_wconf 83' lang='grc'>367),</span> <span class='ocrx_word' id='word_1_238' title='bbox 406 3229 512 3295; x_wconf 89' lang='lat' dir='ltr'><strong>Herm.</strong></span> <span class='ocrx_word' id='word_1_239' title='bbox 541 3229 630 3294; x_wconf 87' lang='lat' dir='ltr'><strong>Pare.</strong></span> <span class='ocrx_word' id='word_1_240' title='bbox 654 3231 692 3296; x_wconf 81' lang='lat' dir='ltr'><strong>ir.</strong></span> <span class='ocrx_word' id='word_1_241' title='bbox 713 3230 758 3297; x_wconf 89' lang='lat' dir='ltr'><strong>IV</strong></span> <span class='ocrx_word' id='word_1_242' title='bbox 773 3230 920 3314; x_wconf 83' lang='grc'>(11399).</span> <span class='ocrx_word' id='word_1_243' title='bbox 962 3230 1010 3295; x_wconf 86' lang='grc'>1111</span> <span class='ocrx_word' id='word_1_244' title='bbox 1033 3248 1215 3311; x_wconf 79' lang='lat' dir='ltr'><strong>veroquam</strong></span> <span class='ocrx_word' id='word_1_245' title='bbox 1236 3230 1330 3310; x_wconf 91' lang='lat' dir='ltr'><strong>prisci</strong></span> 
     </span>
     <span class='ocr_line' id='line_1_30' title="bbox 235 3329 1331 3415; baseline -0.005 -15"><span class='ocrx_word' id='word_1_246' title='bbox 235 3329 382 3415; x_wconf 76' lang='lat' dir='ltr'><strong>temporis</strong></span> <span class='ocrx_word' id='word_1_247' title='bbox 403 3346 508 3395; x_wconf 87' lang='lat' dir='ltr'><strong>amore</strong></span> <span class='ocrx_word' id='word_1_248' title='bbox 530 3330 704 3413; x_wconf 83' lang='lat' dir='ltr'><strong>nimiaeque</strong></span> <span class='ocrx_word' id='word_1_249' title='bbox 725 3331 879 3397; x_wconf 85' lang='lat' dir='ltr'><strong>libertatis</strong></span> <span class='ocrx_word' id='word_1_250' title='bbox 900 3330 1004 3396; x_wconf 80' lang='lat' dir='ltr'><strong>tasdIo</strong></span> <span class='ocrx_word' id='word_1_251' title='bbox 1027 3329 1251 3395; x_wconf 85' lang='lat' dir='ltr'><strong>nobilissimum</strong></span> <span class='ocrx_word' id='word_1_252' title='bbox 1270 3330 1331 3395; x_wconf 90' lang='lat' dir='ltr'><strong>Pe·</strong></span> 
     </span>
     <span class='ocr_line' id='line_1_31' title="bbox 234 3420 1329 3509; baseline -0.003 -11"><span class='ocrx_word' id='word_1_253' title='bbox 234 3431 319 3498; x_wconf 85' lang='lat' dir='ltr'><strong>riclis</strong></span> <span class='ocrx_word' id='word_1_254' title='bbox 348 3430 561 3497; x_wconf 76' lang='lat' dir='ltr'><strong>novenarium</strong></span> <span class='ocrx_word' id='word_1_255' title='bbox 589 3430 683 3495; x_wconf 84' lang='lat' dir='ltr'><strong>fuisse</strong></span> <span class='ocrx_word' id='word_1_256' title='bbox 710 3431 833 3509; x_wconf 88' lang='lat' dir='ltr'><strong>scimus,</strong></span> <span class='ocrx_word' id='word_1_257' title='bbox 857 3420 1015 3495; x_wconf 76' lang='lat' dir='ltr'><strong>Cimonem</strong></span> <span class='ocrx_word' id='word_1_258' title='bbox 1037 3429 1121 3508; x_wconf 78' lang='lat' dir='ltr'><strong>dieo‚&#39;</strong></span> <span class='ocrx_word' id='word_1_259' title='bbox 1144 3427 1329 3495; x_wconf 70' lang='lat' dir='ltr'><strong>farisaeae</strong></span> 
     </span>
     <span class='ocr_line' id='line_1_32' title="bbox 235 3527 1328 3612; baseline -0.002 -15"><span class='ocrx_word' id='word_1_260' title='bbox 235 3532 384 3597; x_wconf 88' lang='lat' dir='ltr'><strong>micorum</strong></span> <span class='ocrx_word' id='word_1_261' title='bbox 408 3530 576 3612; x_wconf 88' lang='lat' dir='ltr'><strong>principem</strong></span> <span class='ocrx_word' id='word_1_262' title='bbox 599 3529 786 3597; x_wconf 85' lang='lat' dir='ltr'><strong>Plutarchus</strong></span> <span class='ocrx_word' id='word_1_263' title='bbox 808 3531 943 3596; x_wconf 88' lang='lat' dir='ltr'><strong>testatur</strong></span> <span class='ocrx_word' id='word_1_264' title='bbox 964 3530 1019 3595; x_wconf 92' lang='lat' dir='ltr'><strong>vit.</strong></span> <span class='ocrx_word' id='word_1_265' title='bbox 1043 3527 1121 3595; x_wconf 76' lang='lat' dir='ltr'><strong>Cim.</strong></span> <span class='ocrx_word' id='word_1_266' title='bbox 1144 3528 1174 3593; x_wconf 91' lang='lat' dir='ltr'>X</span> <span class='ocrx_word' id='word_1_267' title='bbox 1197 3529 1328 3610; x_wconf 83' lang='lat' dir='ltr'><strong>prolatis</strong></span> 
     </span>
     <span class='ocr_line' id='line_1_33' title="bbox 235 3626 1135 3711; baseline -0.002 -16"><span class='ocrx_word' id='word_1_268' title='bbox 235 3631 495 3696; x_wconf 87' lang='lat' dir='ltr'><strong>Archilooborum</strong></span> <span class='ocrx_word' id='word_1_269' title='bbox 518 3629 657 3694; x_wconf 86' lang='lat' dir='ltr'><strong>versibus</strong></span> <span class='ocrx_word' id='word_1_270' title='bbox 676 3629 759 3694; x_wconf 87' lang='lat' dir='ltr'><strong>hisee</strong></span> <span class='ocrx_word' id='word_1_271' title='bbox 783 3629 833 3710; x_wconf 89' lang='lat' dir='ltr'><strong>(ir.</strong></span> <span class='ocrx_word' id='word_1_272' title='bbox 856 3630 872 3693; x_wconf 94' lang='lat' dir='ltr'><strong>l</strong></span> <span class='ocrx_word' id='word_1_273' title='bbox 894 3629 987 3694; x_wconf 91' lang='lat' dir='ltr'><strong>Mein.</strong></span> <span class='ocrx_word' id='word_1_274' title='bbox 1007 3629 1040 3695; x_wconf 93' lang='grc' dir='ltr'><strong>ΙΙ</strong></span> <span class='ocrx_word' id='word_1_275' title='bbox 1062 3626 1135 3711; x_wconf 70' lang='lat' dir='ltr'><strong>lap:</strong></span> 
     </span>
    </p>

    <p class='ocr_par' dir='ltr' id='par_1_8' title="bbox 385 3717 1181 3814">
     <span class='ocr_line' id='line_1_34' title="bbox 385 3717 1181 3814; baseline 0 -21"><span class='ocrx_word' id='word_1_276' title='bbox 385 3721 475 3813; x_wconf 67' lang='grc' dir='ltr'><strong>κάγώ</strong></span> <span class='ocrx_word' id='word_1_277' title='bbox 499 3723 558 3812; x_wconf 75' lang='grc' dir='ltr'><strong>γὰρ</strong></span> <span class='ocrx_word' id='word_1_278' title='bbox 579 3717 697 3811; x_wconf 63' lang='lat' dir='ltr'><strong>clipeos</strong></span> <span class='ocrx_word' id='word_1_279' title='bbox 720 3722 914 3814; x_wconf 60' lang='lat' dir='ltr'><strong>Menoeceos</strong></span> <span class='ocrx_word' id='word_1_280' title='bbox 934 3721 952 3792; x_wconf 82' lang='grc' dir='ltr'>ὁ</span> <span class='ocrx_word' id='word_1_281' title='bbox 973 3723 1181 3812; x_wconf 71' lang='grc' dir='ltr'><strong>γραμματειὶς</strong></span> 
     </span>
    </p>

    <p class='ocr_par' dir='ltr' id='par_1_9' title="bbox 368 3818 1004 3915">
     <span class='ocr_line' id='line_1_35' title="bbox 368 3818 1004 3915; baseline 0 -23"><span class='ocrx_word' id='word_1_282' title='bbox 368 3825 438 3910; x_wconf 61' lang='lat' dir='ltr'><strong>‘geo</strong></span> <span class='ocrx_word' id='word_1_283' title='bbox 458 3818 551 3912; x_wconf 72' lang='grc' dir='ltr'><em>ἀνδρὶ</em></span> <span class='ocrx_word' id='word_1_284' title='bbox 570 3827 658 3914; x_wconf 71' lang='grc' dir='ltr'><strong>θείῳ</strong></span> <span class='ocrx_word' id='word_1_285' title='bbox 681 3828 735 3894; x_wconf 76' lang='grc' dir='ltr'><strong>καὶ</strong></span> <span class='ocrx_word' id='word_1_286' title='bbox 755 3822 1004 3915; x_wconf 74' lang='grc' dir='ltr'><strong>φιλυξενωτάτῳ</strong></span> 
     </span>
    </p>

    <p class='ocr_par' dir='ltr' id='par_1_10' title="bbox 383 3919 1158 4016">
     <span class='ocr_line' id='line_1_36' title="bbox 383 3919 1158 4016; baseline 0 -23"><span class='ocrx_word' id='word_1_287' title='bbox 383 3929 437 3994; x_wconf 85' lang='grc' dir='ltr'><strong>καὶ</strong></span> <span class='ocrx_word' id='word_1_288' title='bbox 454 3923 548 3994; x_wconf 76' lang='grc' dir='ltr'><strong><em>πάντ’</em></strong></span> <span class='ocrx_word' id='word_1_289' title='bbox 572 3919 695 4016; x_wconf 69' lang='grc' dir='ltr'><em>ἀρίστῳ</em></span> <span class='ocrx_word' id='word_1_290' title='bbox 717 3932 783 3995; x_wconf 76' lang='grc' dir='ltr'><strong>τῶν</strong></span> <span class='ocrx_word' id='word_1_291' title='bbox 802 3923 1017 4015; x_wconf 73' lang='grc' dir='ltr'><strong><em>Πανελλήνων</em></strong></span> <span class='ocrx_word' id='word_1_292' title='bbox 1029 3923 1158 4014; x_wconf 73' lang='grc' dir='ltr'><strong><em>,πρόμῳ</em></strong></span> 
     </span>
    </p>

    <p class='ocr_par' dir='ltr' id='par_1_11' title="bbox 384 4024 1056 4115">
     <span class='ocr_line' id='line_1_37' title="bbox 384 4024 1056 4115; baseline 0 -20"><span class='ocrx_word' id='word_1_293' title='bbox 384 4028 522 4112; x_wconf 82' lang='grc' dir='ltr'><strong><em>Κίμωνι,</em></strong></span> <span class='ocrx_word' id='word_1_294' title='bbox 544 4025 686 4114; x_wconf 75' lang='grc' dir='ltr'><strong>λιπαρὸν</strong></span> <span class='ocrx_word' id='word_1_295' title='bbox 707 4032 809 4115; x_wconf 69' lang='grc' dir='ltr'><strong><em>γῆρας</em></strong></span> <span class='ocrx_word' id='word_1_296' title='bbox 830 4024 1056 4112; x_wconf 75' lang='grc' dir='ltr'><em>εὐωχούμενος</em></span> 
     </span>
    </p>

    <p class='ocr_par' dir='ltr' id='par_1_12' title="bbox 380 4123 1112 4216">
     <span class='ocr_line' id='line_1_38' title="bbox 380 4123 1112 4216; baseline -0.003 -22"><span class='ocrx_word' id='word_1_297' title='bbox 380 4123 483 4196; x_wconf 70' lang='grc' dir='ltr'><strong>α”ιαῖνα</strong></span> <span class='ocrx_word' id='word_1_298' title='bbox 504 4125 615 4196; x_wconf 71' lang='grc' dir='ltr'><strong>πάντα,</strong></span> <span class='ocrx_word' id='word_1_299' title='bbox 636 4129 885 4216; x_wconf 69' lang='grc' dir='ltr'><strong>ξυνδιατρίψειι·</strong></span> <span class='ocrx_word' id='word_1_300' title='bbox 908 4123 926 4197; x_wconf 79' lang='grc' dir='ltr'>ὁ</span> <span class='ocrx_word' id='word_1_301' title='bbox 947 4127 983 4197; x_wconf 76' lang='grc' dir='ltr'><strong>δὲ</strong></span> <span class='ocrx_word' id='word_1_302' title='bbox 1004 4124 1112 4197; x_wconf 75' lang='grc' dir='ltr'><strong>λιπών</strong></span> 
     </span>
    </p>

    <p class='ocr_par' dir='ltr' id='par_1_13' title="bbox 379 4225 691 4318">
     <span class='ocr_line' id='line_1_39' title="bbox 379 4225 691 4318; baseline 0.006 -23"><span class='ocrx_word' id='word_1_303' title='bbox 379 4231 496 4316; x_wconf 75' lang='grc' dir='ltr'><strong><em>βέβηκε</em></strong></span> <span class='ocrx_word' id='word_1_304' title='bbox 518 4225 691 4318; x_wconf 79' lang='grc' dir='ltr'><strong><em>πρότερος.</em></strong></span> 
     </span>
    </p>
   </div>
   <div class='ocr_carea' id='block_1_7' title="bbox 0 0 1380 4794">
    <p class='ocr_par' dir='ltr' id='par_1_14' title="bbox 0 0 1380 4794">
     <span class='ocr_line' id='line_1_40' title="bbox 0 0 1380 4794; baseline 0 1"><span class='ocrx_word' id='word_1_305' title='bbox 0 0 1380 4794; x_wconf 95' lang='lat' dir='ltr'><strong> </strong></span> 
     </span>
    </p>
   </div>
  </div>
 </body>
</html>
