2752 4794
659 353 701 420 44

229 534 274 600 Ex
294 532 470 617 Lysistmtn
490 533 544 616 qni
564 532 650 599 illins
676 534 761 601 modi
782 535 903 618 aliquid
925 535 1036 602 elicere
1055 536 1149 602 vellet
1171 537 1226 621 ab·
1248 580 1250 584 -

136 633 277 699 nteremr
297 631 465 699 modoad
495 633 742 716 cognoscendum
774 634 986 718 reipublicae
1016 635 1134 701 statum
1164 655 1227 700 una

132 734 271 799 omnium
294 732 552 810 fructuosissime,
573 732 625 798 sed
648 732 892 812 omnismodis,
913 735 949 801 ut
970 735 1228 819 Thesmopholin-

130 851 284 911 nuseium,
304 832 479 916 temporum
500 833 601 916 magis
623 851 717 915 quem
731 833 837 918 legum
858 834 1011 917 angustiis
1026 837 1226 903 coerceretur.

131 933 318 998 memoretur
338 933 464 998 tentum
484 933 726 1016 quodprobulus
747 934 781 1000 in
801 952 944 1000 scaenam
960 935 1141 1018 producitur
1163 955 1227 1001 non

131 1035 208 1101 certi
229 1034 392 1103 cuiusdnm
411 1052 542 1118 persone
562 1034 701 1102 indutus.
744 1037 777 1101 in
798 1036 895 1103 Renis
917 1054 988 1103 cuni
1008 1037 1104 1103 irenis
1125 1038 1228 1104 omni-

121 1135 188 1219 ·bus
209 1136 312 1202 solute
334 1135 477 1202 videntur
497 1135 654 1202 comoedia
676 1170 715 1183 ·-
739 1136 778 1202 cf.
801 1136 874 1202 407.
895 1139 933 1202 8:

640 1228 716 1300 ὥστ’
742 1225 899 1320 &seneve

429 1332 559 1416 παίζειν
579 1356 615 1398 τε
637 1333 692 1400 καὶ
712 1330 859 1419 χορεύειν
882 1372 931 1416 -,

130 1437 201 1502 nolo
223 1435 408 1503 scholiastae
423 1436 464 1503 nd
478 1454 507 1502 v.
523 1436 583 1501 501
605 1438 707 1502 verbis
724 1437 865 1504 insistere
885 1457 980 1522 supro
1000 1457 1030 1521 p.
1045 1439 1086 1504 38
1098 1437 1225 1516 adlatis,

130 1535 313 1619 quibuscum
327 1535 529 1602 conferendus
550 1557 578 1601 v.
594 1537 657 1602 428
679 1556 737 1620 sq.‚
757 1556 816 1604 neo
835 1537 925 1603 credo
946 1535 1078 1603 Gallium
1101 1536 1225 1619 Hippo·

131 1635 193 1701 nioi
214 1635 314 1701 filium
335 1636 422 1702 illius
443 1639 517 1702 enni
539 1637 718 1703 erchontsm
737 1637 841 1702 fuisse.

230 1735 326 1801 Nolui
346 1736 405 1801 hoc
426 1736 493 1802 loco
524 1738 628 1803 totum
658 1738 770 1804 veteris
792 1737 968 1804 comoediae
993 1752 1136 1818 eampum
1159 1754 1227 1819 per-

132 1855 260 1901 currere.
294 1837 421 1902 verebar
443 1837 516 1903 inde
536 1857 575 1904 ne
595 1837 675 1904 icles
693 1838 931 1921 conligerentur.
962 1856 998 1902 ee
1018 1836 1100 1901 enim
1120 1837 1169 1900 est
1192 1838 1227 1900 in

130 1936 179 2001 his
201 1937 292 2002 rebus
314 1936 479 2019 quaerendi
503 1939 565 2016 vie,
587 1939 738 2022 utquam
765 1937 899 2004 menime
919 1937 1052 2003 arduum
1076 1936 1118 2001 sit
1142 1936 1228 2000 iudi·

131 2036 214 2101 cium
237 2054 292 2100 nec
312 2037 348 2099 ut
372 2037 469 2119 possit
490 2057 640 2121 umquam
669 2057 686 2103 e
707 2037 831 2104 silentio
861 2036 937 2103 fieri.
984 2036 1090 2120 legum
1122 2035 1227 2119 igitur

131 2137 275 2202 naturum
304 2137 331 2202 si
360 2137 491 2203 ducibus
519 2137 670 2222 indagare
696 2137 851 2204 studueris
877 2137 921 2203 eis
945 2137 999 2220 qui
1024 2136 1100 2218 ipsis
1120 2137 1229 2200 obser-

130 2236 241 2302 vandis
263 2237 416 2320 quantum
437 2239 561 2321 possent
581 2239 819 2322 supersederent,
842 2256 898 2304 nec
915 2237 1035 2322 legibus
1056 2255 1113 2303 nec
1125 2237 1230 2318 poetis

130 2335 315 2404 musseium
334 2337 483 2404 videbere
