2752 4794
601 328 621 392 9

59 507 102 572 ab
125 508 248 572 exordio
280 508 361 590 quod
389 508 479 575 hodie
515 510 613 575 lentur
647 511 771 577 fabulae
799 512 896 579 distat
926 534 1018 597 quam
1040 517 1073 580 in
1096 515 1160 581 ulla

60 608 283 690 Aristophanis
305 610 472 689 comoedia,
495 611 578 694 quod
598 611 630 674 in
653 631 713 676 uno
735 615 898 695 conspectu
921 635 1032 696 ponam
1042 619 1061 679 ¹:

842 748 1071 787 Acharnensium
1091 759 1137 797 pa·
1197 722 1201 731 ί

810 799 900 838 rodus
917 810 930 838 a
946 797 1062 838 fabulae
1077 809 1158 838 exor-

796 850 842 889 dlo
855 850 981 898 propius
995 850 1087 889 distat
1101 861 1159 890 ver·

60 894 246 974 (Acharn.
313 896 389 978 204)
950 901 1033 940 ⁸¹b¹¹³

60 995 255 1078 Equitum
314 996 375 1060 247
409 1047 885 1066 ......
942 1004 1011 1066 -43

62 1097 239 1162 Nubium
296 1101 374 1164 ’275
411 1150 885 1167 ......
972 1105 1009 1167 71

63 1199 280 1280 vesparum
313 1202 374 1264 230
413 1250 420 1266 .
506 1249 515 1266 ..
598 1253 604 1266 .
691 1254 697 1267 .
784 1253 790 1266 .
878 1254 883 1266 .
970 1208 1011 1268 211

63 1300 185 1367 Pacis
311 1303 370 1365 301
412 1351 885 1368 ......
971 1307 1010 1368 97

61 1398 208 1463 Avium
314 1402 417 1466 310.
502 1451 509 1466 .
597 1434 638 1466 .·
690 1454 696 1466 .
783 1454 790 1480 ,
877 1454 883 1466 .
952 1406 1010 1468 106

62 1499 233 1584 Lysistr.
314 1502 375 1566 254
411 1551 884 1568 ......
970 1506 1011 1568 511

64 1600 288 1682 Thesmoph.
311 1602 373 1667 312
414 1651 886 1668 ......
953 1607 1011 1668 los

67 1702 266 1766 Ranarum
312 1703 373 1767 316
412 1753 884 1770 ......
952 1707 1010 1770 112

63 1802 209 1866 llccles.
310 1803 371 1866 285
409 1852 415 1866 .
455 1830 459 1845 .
502 1853 883 1870 .....
968 1808 1007 1869 81

64 1903 178 1966 Pluti
310 1904 371 1967 257
406 1951 882 1970 ......
968 1909 1009 1970 53

63 2022 98 2084 nt
121 2020 148 2083 si
170 2020 306 2084 medium
328 2040 490 2086 nnmerum
513 2042 626 2101 sumas,
657 2025 697 2087 14
718 2045 770 2088 seu
793 2026 832 2088 75
856 2027 992 2090 versibus
1014 2027 1045 2089 in
1068 2026 1158 2089 initio

61 2120 192 2184 adiectis
220 2140 290 2184 cum
320 2122 428 2186 ceteris
451 2122 564 2188 fabulis
586 2127 809 2188 conventurum
832 2126 873 2189 sit
896 2125 1157 2189 Acharnensibus.

166 2222 308 2286 Ceterum
320 2241 357 2285 ne
376 2223 452 2304 quid
463 2222 660 2301 desideretur,
683 2226 816 2289 forsitan
836 2226 868 2289 in
888 2225 1009 2307 perdita
1035 2225 1158 2290 fabulae
1272 2310 1275 2320 Ι

61 2323 153 2405 parte
178 2323 273 2386 fuerit
296 2323 377 2404 quod
403 2324 527 2404 respicit
548 2324 715 2389 scholiasta
737 2325 871 2390 Acharn.
902 2327 959 2389 1116

165 2433 523 2522 ὅνιχαυνοιιρώκνονς]
543 2433 594 2504 ὅτι
618 2434 742 2517 πάντας
764 2440 840 2518 τούς
861 2437 1014 2525 Ἕλληνας
1035 2432 1155 2518 Ἰάονας

59 2536 253 2608 ἐκάλουνι
223 2567 254 2608 οι
275 2537 435 2628 βάρβαροι
457 2543 659 2628 προείρηται.

59 2660 172 2726 ο1.1ι.
209 2661 268 2724 inc.
300 2661 354 2725 Ar
378 2661 535 2727 CLXXIX
568 2683 598 2748 p.
623 2664 700 2728 1211
737 2663 788 2728 ubi
826 2661 979 2746 Berginius
1014 2658 1158 2725 adnotat:

56 2758 198 2826 videtur
219 2761 357 2845 perditae
379 2763 511 2827 alicuius
532 2762 656 2829 fabulae
676 2764 778 2829 locum
802 2758 958 2845 spectare'.

163 2862 323 2945 Perpauca
341 2864 415 2927 sunt
437 2882 518 2946 quae
540 2863 681 2928 addenda
701 2864 826 2929 videant
828 2882 873 2927 ur.
908 2881 980 2927 nam
999 2862 1036 2927 de
1050 2880 1160 2926 scaena

58 2963 134 3046 post
155 2963 347 3044 praeclaram
368 2963 498 3046 Haupt
477 2984 501 3028 ιι
529 2962 634 3047 disput
636 2964 806 3028 ationem
798 2984 832 3028 m
857 2961 920 3025 ind.
955 2960 1026 3026 lect.
1057 2961 1159 3025 Berol.

61 3084 87 3128 s.
112 3081 135 3127 s.
159 3082 221 3127 non
250 3082 325 3145 opus
352 3063 429 3128 duco
461 3064 498 3127 ut
528 3065 655 3130 verbum
684 3065 749 3129 fiat.
803 3064 977 3145 temporum
1006 3061 1159 3126 rationem

61 3163 188 3246 qualem
211 3164 341 3228 habeam
362 3184 423 3228 non
448 3165 561 3230 inutile
581 3165 737 3230 videbitur
749 3165 910 3230 indicasse.
945 3162 1065 3228 orditur
1077 3162 1158 3226 enim

63 3264 171 3329 fabula
193 3263 308 3346 frigido
329 3266 438 3330 hiemis
460 3265 523 3330 die:
543 3266 691 3330 nimirum
706 3285 777 3331 cum
787 3266 913 3330 Lenaeis
926 3265 1078 3348 ageretur,
1097 3283 1159 3328 non

64 3365 133 3429 dico
169 3368 408 3432 consentaneum
442 3367 550 3446 scrisse,
583 3367 635 3431 sed
669 3367 931 3450 simplicissimum
967 3365 1160 3446 maximeque

65 3466 272 3547 spectatorum
300 3467 413 3532 animis
443 3470 721 3549 accommodatum,
753 3469 790 3532 ut
824 3487 871 3531 res
892 3467 959 3548 ipsa
980 3464 1160 3530 Gamelione

69 3584 172 3630 mense
193 3568 363 3650 ageretur&
398 3568 516 3632 accedit
538 3589 566 3634 v.
591 3570 653 3633 504

237 3657 331 3731 αὐτοὶ
351 3659 410 3756 γάρ
435 3663 533 3751 ἐσμεν
555 3663 636 3733 οὑπὶ
656 3667 793 3754 Ληναίῳ
816 3667 843 3730 τ’
866 3657 961 3750 άγιάν.

67 3784 163 3846 parva
189 3767 286 3849 igitur
314 3767 472 3852 Dionysia,
499 3789 578 3852 qnae
608 3789 645 3835 ne
674 3789 728 3835 suo
761 3770 897 3850 tempore
933 3767 1160 3834 celebrarentur

169 3977 178 4008 ¹
198 3977 337 4032 Numeros
355 3977 457 4047 ubique
477 3995 577 4047 sequor
594 3978 790 4032 Meinekianos.

166 4066 309 4121 ²Praeter
340 4067 407 4122 alias
437 4067 471 4122 cf.
500 4067 594 4123 Nubes
623 4067 720 4135 (schol.
741 4071 793 4135 10),
820 4067 881 4122 Ter.
900 4065 1074 4121 Hautontim.
1102 4068 1161 4135 162,

67 4151 106 4207 Pl.
126 4152 227 4208 Pseud.
245 4156 279 4209 59
298 4154 343 4223 (α1.
362 4153 467 4209 Usener
485 4155 572 4224 symb.
591 4154 659 4226 phil.
678 4155 766 4209 Bonn.
786 4172 813 4224 p.
832 4155 883 4209 595
903 4158 964 4224 sq.).
