2752 4794
669 349 712 413 39

142 548 248 611 φανοη
237 524 335 608 μένον
357 519 547 613 ιτοὲταξης”
527 551 546 612 η
568 529 675 603 κακῶς
695 520 799 614 εἴπης,
823 516 889 609 disq
877 552 948 609 μσς,
964 523 1018 593 ἐὰν
1043 527 1078 594 δὲ
1099 488 1240 615 ἰδιώτην,

143 622 210 714 ἱδίηι
232 621 399 704 ὑπόδικος.
445 627 498 690 καὶ
520 617 558 690 οδ
578 621 680 710 μόνον
691 627 780 749 περὶ
800 621 925 692 τούτων
947 623 1033 693 ου’τω
1055 630 1143 694 ταῦτ’
1165 626 1242 711 ἔχει,

144 717 297 791 ἀλλὰκαὶ
323 727 401 843 περὶ
431 721 564 791 σάντων
596 719 648 805 οἷς
678 721 716 791 δν
738 754 757 815 η
748 722 877 806 πόλις
895 725 970 799 τινὰ
992 719 1149 795 δι’δειαν”
1128 755 1147 816 η
1169 754 1242 797 στε-

144 817 393 916 φανηφορίαν”
373 853 392 914 η
413 851 484 892 τινα
504 823 600 913 τιμὴν
621 828 668 913 dp
690 823 754 893 κτὲ.
1246 823 1248 827 ’

240 931 290 994 34.
303 967 340 975 -
355 928 513 1012 δημοσίας
542 920 639 1014 ὀργῆς
669 929 723 994 καὶ
752 929 910 1013 τιμωρίας
934 924 1058 1008 δίκαιός
1079 929 1147 996 ἐστι
1168 953 1242 1015 τυγ-

144 1024 256 1108 χάνειν.
278 1024 345 1112 ἅμα
360 1024 418 1113 γὰρ
434 1032 480 1115 τῷ
496 1029 702 1114 Δημοσθένει
715 1025 799 1094 cairi
816 1025 952 1115 χορηγὸς
967 1026 1126 1115 ὑβρίζετο,
1141 1034 1240 1097 τοῦτο

145 1129 169 1192 δ’
195 1129 264 1195 ἐστὶ
286 1133 344 1217 τῆς
367 1126 497 1208 πόλεως
515 1122 627 1213 decipe.

223 1232 330 1314 itaque
341 1253 411 1297 cum
422 1234 469 1297 lex
481 1233 600 1319 vetaret
614 1234 794 1298 archontem
805 1234 973 1316 perstringi
985 1233 1091 1314 (schel.
1105 1235 1186 1299 Nub.
1199 1235 1238 1298 31

144 1332 220 1398 Rau.
237 1333 323 1413 501),
339 1335 444 1398 eadem
460 1353 556 1398 unum
578 1353 729 1415 quemque
751 1334 877 1399 vetabat
892 1334 945 1416 qui
961 1335 1105 1417 apcpule
1126 1354 1239 1400 corona

142 1431 214 1498 data
238 1435 443 1517 magistratus
456 1434 587 1515 publice
604 1433 792 1498 constitutus
807 1435 894 1511 esset,
911 1435 931 1498 i.
946 1455 971 1498 e.
988 1429 1173 1518 κληρωτοὺς
1187 1433 1241 1498 καὶ

141 1528 387 1615 χειροτονητσδς
410 1523 567 1623 δι’ρχοντας
588 1534 694 1614 (schel.
717 1533 795 1600 Aeh.
817 1535 902 1617 378).
946 1535 1043 1600 talem
1066 1535 1167 1618 legem
1189 1556 1240 1602 ex·

139 1633 241 1699 titisse
263 1634 397 1698 effecisse
410 1635 498 1700 nobis
521 1635 669 1700 videmur.
713 1655 791 1716 quae
811 1634 933 1716 quando
955 1634 1090 1716 primum
1110 1636 1176 1701 lata
1199 1637 1241 1701 sit

137 1733 190 1796 vix
213 1734 328 1815 peterit
357 1733 510 1817 indagari.
560 1734 722 1815 plebiscita
752 1735 854 1799 autem
886 1734 923 1798 de
953 1732 1064 1816 quibus
1093 1735 1239 1815 traditur,

134 1833 397 1916 redintegrandae
418 1835 489 1918 legi,
513 1835 648 1900 violatae
677 1835 790 1898 totiens
820 1836 857 1898 nt
884 1833 1051 1900 cbsciuisse
1074 1834 1239 1916 videretur,
1334 1893 1336 1895 ,

135 1934 329 1998 consuluisse
357 1934 534 1998 conicimus.
576 1954 707 2016 querum
731 1936 851 2016 praeter
874 1934 1111 2017 Syracosianum
1140 1935 1240 2000 ullum

132 2033 271 2116 temperi
292 2035 375 2098 certe
397 2035 492 2098 tribui
514 2054 600 2116 pesse
619 2034 709 2100 vaide
730 2034 848 2100 dubito.
881 2034 929 2098 ‘de
950 2035 1147 2118 Morychideo
1172 2054 1240 2118 pse-

133 2135 292 2216 phismate
314 2154 342 2198 v
369 2155 397 2216 p.
416 2136 465 2198 21.
620 2170 622 2175 s

231 2235 335 2316 Atque
355 2236 391 2298 ut
411 2235 567 2300 variorum
584 2235 743 2301 Ιοοοτωαι
767 2253 921 2302 summam
932 2237 1238 2329 comprehendamus,

128 2315 204 2419 lege
223 2336 279 2399 illa
302 2336 426 2399 cautum
452 2336 519 2400 erat
539 2355 576 2400 ne
598 2354 709 2399 nemen
728 2336 828 2419 magis
830 2337 933 2400 iratus
951 2338 1055 2419 aperte
1077 2337 1108 2402 et
1128 2338 1239 2402 centu-

131 2436 263 2500 melicse
284 2436 513 2510 nominaretur;
537 2435 665 2514 occidte,
689 2436 771 2518 qued
788 2432 1032 2519 αἰνιγματωδῶς
1046 2437 1198 2514 νοοοα1,’
1190 2456 1239 2501 m·

134 2537 242 2601 dicare
275 2555 393 2617 semper
421 2536 535 2600 licebat
564 2535 779 2618 quodcumque
805 2537 978 2601 voluerunt.
1030 2555 1136 2623 rerum
1170 2538 1240 2603 lau·

135 2638 237 2701 daria
260 2637 357 2718 poetis
380 2637 475 2701 henes
498 2638 565 2701 erat
586 2637 736 2718 publicus,
760 2655 816 2701 nec
833 2637 990 2720 flagitium
1012 2638 1078 2703 sine
1099 2639 1237 2703 condeio

137 2740 319 2821 nuncupari.
350 2739 455 2803 ecdem
471 2758 562 2802 sensu
577 2732 615 2802 τδ
635 2737 807 2822 κωμῳδεῖν
824 2739 1023 2822 grammatici
1037 2741 1237 2823 aeceperunt:

137 2837 169 2903 ἐν
190 2825 243 2914 οἷς
257 2832 401 2914 πολλοὺς
422 2840 528 2915 κακῶς
549 2829 663 2903 εἶπεν·
682 2831 877 2923 ἐκωμῴδησε
896 2833 955 2920 γὰρ
976 2832 1035 2915 τάς
1055 2862 1091 2903 τε
1114 2839 1236 2926 κληρω·

136 2935 192 3017 τὰς
214 2938 267 3002 καί
289 2933 516 3022 χειροτονητὰς
534 2931 647 3028 ἀρχάς.
680 2957 757 3021 quas
772 2939 995 3022 ignominiosas
1017 2940 1120 3022 partes
1142 2961 1238 3024 agen-

136 3042 180 3105 tes
202 3042 233 3104 in
257 3059 399 3104 scaenam
421 3040 588 3121 producere
609 3058 672 3103 non
694 3039 818 3103 licuisse
840 3039 977 3121 apparet.
1002 3109 1004 3114 ,

235 3140 326 3203 Nunc
348 3139 374 3202 si
396 3139 516 3203 efficere
538 3137 696 3218 conamur,
719 3158 795 3204 num
818 3140 893 3222 quid
915 3159 950 3204 er
976 3140 1051 3222 ipsis
1073 3141 1237 3207 cemoediis

136 3241 261 3304 adrem
284 3239 468 3303 firmandam
491 3239 589 3303 bonae
621 3239 722 3322 frugis
753 3241 949 3323 percipiatur,
972 3242 1048 3306 ante
1068 3241 1171 3306 omnia
1191 3242 1238 3306 te-

243 3375 251 3405 ¹
271 3374 371 3442 quibus
390 3373 492 3427 addere
516 3372 593 3426 iuvat
616 3373 748 3429 Isocratis
773 3376 877 3440 locum,
901 3375 1002 3430 veteris
1027 3376 1185 3431 comoediae
1208 3380 1239 3430 ut

136 3463 207 3515 solet
226 3461 271 3530 (cf.
291 3461 351 3524 XII,
372 3462 416 3530 39)
437 3461 666 3528 consuetudinem
686 3461 861 3532 respicientis
881 3463 953 3528 vni,
976 3467 1022 3519 14:

238 3546 292 3618 ἐγώ
314 3548 340 3600 δ’
356 3549 487 3620 οἴδαμέν
505 3545 546 3602 ὅτι
560 3544 713 3620 πρόσαντές
725 3551 799 3604 ἔστιν
812 3552 1004 3606 ἐναντιοῦσθαι
1020 3558 1078 3613 ταῖς
1094 3550 1237 3624 ὑμετέραις

137 3638 270 3696 διανοίαις
294 3642 339 3690 καὶ
363 3633 402 3689 ὅτι
426 3638 610 3708 δημοκρατίας
628 3631 710 3707 οὔσης
727 3635 776 3692 οὐκ
801 3641 860 3693 ἔστι
883 3645 1021 3710 παρρησία
1045 3637 1117 3709 πλὴν
1135 3635 1238 3695 ἐνθάδε

135 3727 191 3797 μὲν
216 3733 271 3785 τοῖς
297 3720 510 3798 ἀφρονεστάτοις
532 3725 577 3794 (cf.
597 3727 621 3795 ᾖ.
643 3729 685 3792 13)
704 3731 750 3799 καὶ
765 3728 856 3798 μηδὲν
878 3726 958 3800 ὑμῶν
976 3733 1172 3801 φροντίζουσιν,
1208 3730 1239 3784 ἐν

135 3816 167 3867 δὲ
187 3816 224 3884 τῷ
239 3810 344 3884 θεάτρῳ
358 3821 412 3873 τοῖς
431 3809 728 3886 κωμῳδοδιδασκάλοις
740 3811 802 3869 -δ
820 3819 866 3869 καὶ
883 3810 994 3871 πάντων
1011 3819 1069 3871 ἐστὶ
1084 3813 1239 3873 δεινότατον

136 3899 178 3958 ὅτι
205 3910 276 3961 τοῖς
302 3904 368 3973 μὲν
386 3903 603 3975 ἐκφέρουσιν
630 3906 680 3961 εἰς
704 3895 1101 3972 τοὺςδλίουςἝλληνας
1125 3901 1163 3959 τὰ
1182 3905 1240 3972 τῆς

135 3987 270 4050 πόλεως
296 3985 531 4061 ἁμαρτήματα
562 3983 695 4057 τοσαύτην
722 3991 796 4062 ἔχετε
822 3986 907 4063 χάριν
935 3988 1005 4058 ὅσην
1032 3989 1097 4047 οὐδὲ
1127 4000 1183 4053 τοῖς
1211 3985 1240 4048 εὖ

135 4081 254 4144 ποιοῦσι,
267 4076 337 4148 πρὸς
355 4078 387 4132 δὲ
405 4075 467 4138 τοὺς
480 4073 694 4146 διιιιιλήττονιας
710 4083 755 4132 καὶ
774 4081 969 4140 νουθετοῦντας
987 4079 1060 4152 ὑμᾶς
1079 4077 1161 4142 οὕτως
1180 4083 1238 4136 δια-

135 4173 249 4223 rictrude
277 4161 415 4226 δυσκόλως
433 4163 530 4237 ὥσπερ
549 4164 619 4238 πρὸς
637 4164 699 4228 τοὺς
716 4162 804 4230 κακόνΙ
824 4188 847 4221 τι
866 4165 916 4234 τὴν
933 4161 1014 4235 ιιόίιν
1031 4169 1238 4242 ἐργαζομένους.
