2752 4794
754 358 796 422 42

988 531 1015 609 ὦ
1038 544 1077 610 xl
1089 570 1157 625 ιιυν,

327 626 354 703 ὦ
376 638 525 704 Παναίτι’
549 632 608 705 ουκ
630 640 721 706 ἐλᾶτε
744 638 829 723 πρὸς
850 639 888 708 τὸ
913 641 1020 726 δεξιὸν
1041 571 1154 729 atzam

232 741 263 804 et
287 741 394 806 Niciae
415 742 494 807 358:
622 830 624 836 Α

326 844 485 928 λαρυγγιῶ
506 840 585 922 τούς
608 840 746 931 ῥήτορας
766 846 820 912 καὶ
843 847 959 912 Νικίαν
979 842 1083 931 ταράξ
1112 899 1119 912 .

229 945 267 1010 de
281 947 458 1031 Hyperbolo
479 966 540 1011 nen
562 948 655 1012 aliter
675 948 875 1014 iudicandum
898 951 945 1014 eet
967 970 1060 1034 quam
1088 950 1122 1014 in
1144 949 1314 1014 Athaman
1333 986 1368 998 -

226 1047 310 1112 sibus
332 1067 388 1114 nee
409 1049 551 1129 prohibet
573 1044 667 1113 sohel.
690 1050 770 1113 1363
794 1046 843 1130 (ἐκ
864 1052 923 1112 τοῦ
948 1045 1102 1134 λάρυγγος
1128 1042 1325 1131 ἐκκρεμάσας
1343 1085 1368 1127 q

223 1141 458 1231 Ὑπέρβολον)ι
487 1147 635 1234 φαίνεται
665 1145 700 1213 δὲ
723 1144 741 1211 ὁ
762 1142 963 1231 Ὑπέρβολος
985 1139 1045 1234 ἤδη
1067 1143 1178 1231 εἰσβὰς
1200 1145 1248 1225 εἰς
1268 1143 1324 1233 τὴ
1359 1181 1368 1189 -

226 1245 404 1312 πολιτείαν.
428 1250 466 1313 of.
492 1250 573 1314 1304

247 1396 251 1403 .
375 1337 475 1432 diodone
492 1344 665 1434 μοχθηρὸν
688 1349 826 1436 πολίτην
849 1342 1177 1436 ὀξίνηνὙπέρβολον.

160 1467 162 1471 ·
227 1446 299 1512 Cleo
322 1449 428 1514 autem
456 1452 599 1532 quamvis
630 1471 683 1535 per
709 1453 810 1518 totam
841 1453 1031 1518 comoediam
1063 1453 1144 1518 male
1170 1451 1368 1520 tractetur

226 1558 282 1612 o'ur
294 1549 632 1634 nonipeeprodueatur
654 1554 685 1617 et
706 1552 770 1618 iere
782 1571 935 1636 nusquam
946 1552 1124 1618 nominetur
1136 1551 1368 1632 (nominatur

228 1649 334 1714 autem
356 1651 417 1714 973
437 1670 482 1734 sq.

524 1747 657 1836 ἥδιστον
679 1747 764 1840 φάος
786 1749 907 1838 ἡμέρας

527 1848 619 1919 ἔσται
637 1856 726 1918 τοῖσι
747 1855 890 1935 παροῦσι
909 1852 964 1917 καὶ

478 1984 481 1989 ·
523 1957 629 2020 τοῖσιν
651 1950 962 2040 είσαφικνουμένοις,

524 2047 564 2140 ἢν
584 2052 700 2119 Κλέων
719 2045 906 2139 ἀπόληται),

228 2174 289 2219 non
313 2156 434 2237 oportet
455 2154 595 2237 pluribus
614 2157 791 2240 exponetur.

325 2255 433 2321 Simile
455 2257 544 2322 oredo
561 2256 805 2340 Babyloniorum
828 2249 1047 2340 argumentum
1069 2256 1162 2322 luisse
1184 2256 1224 2322 el.
1247 2259 1320 2335 88‚2
1364 2212 1368 2305 λ

227 2354 260 2421 ἕν
282 2345 372 2421 ι’ίστει
404 2358 501 2422 attae.
555 2376 630 2422 nem
652 2378 668 2423 ο
689 2358 727 2422 fr.
750 2359 783 2422 Π
806 2378 833 2440 p.
851 2359 912 2422 972
935 2357 1080 2442 Hesyoh.'
1098 2377 1127 2421 v.
1157 2352 1324 2439 Σαμίωνὸ

225 2457 343 2543 δῆμος·
366 2456 448 2544 φησί
468 2481 518 2536 τις
531 2453 621 2542 παρὰ
643 2461 690 2543 τῷ
711 2450 940 2544 Ἀριστοφάνει
951 2452 1031 2534 τους
1052 2456 1088 2523 ἐκ
1108 2459 1168 2522 τοῦ
1181 2457 1325 2539 μυλῶνος

227 2552 307 2623 idolo
329 2557 570 2639 Βαβυλωνίους·

289 2747 291 2751 Ι
367 2655 534 2743 Σαμίωνό
557 2655 660 2745 δῆμός
682 2659 783 2725 ἐστιν·
806 2655 852 2738 ὥς
872 2653 1146 2744 πολυγράμματος

224 2762 353 2843 apparet
372 2761 405 2825 id
427 2761 480 2844 agi
502 2762 538 2825 ut
559 2762 754 2826 ambulantes
777 2781 793 2826 e
814 2761 944 2843 pistrino
967 2758 1195 2842 oonepioiantur
1217 2760 1250 2824 et
1270 2779 1326 2825 no·

224 2861 274 2926 tas
295 2854 449 2926 frontibus
472 2862 593 2927 inustae
627 2861 831 2941 ostendentes,
862 2863 1023 2943 tamquam
1052 2858 1227 2942 Babylonii,
1251 2855 1330 2924 seoii

224 2960 472 3028 Atheniensium.
516 2961 636 3044 spectat
657 2961 717 3025 hue
739 2961 776 3024 fr.
800 2962 815 3025 Ι

374 3045 402 3123 ὦ
422 3062 488 3124 Ζεῦ
509 3054 548 3125 τὸ
569 3063 677 3146 χρῆμα
699 3063 756 3146 τῆς
777 3059 925 3136 νεολαίας
946 3054 992 3136 ὡς
1013 3053 1111 3124 καλόν

233 3162 264 3226 et
283 3162 348 3226 vll
783 3235 785 3238 y

321 3249 343 3348 ἦ
369 3286 437 3326 που
458 3258 543 3326 κατὰ
565 3262 718 3343 στοίχους
738 3256 947 3346 κεκράξονταί
967 3285 998 3326 τι
1019 3259 1220 3343 βαρβαριοτί.

223 3362 348 3428 videtur
369 3363 451 3428 enim
474 3363 569 3428 fuisse
593 3364 707 3446 aliquis
728 3363 783 3445 qui
806 3383 875 3428 eum
897 3364 929 3428 in
960 3363 1058 3428 sooios
1079 3362 1214 3426 multum
1241 3365 1329 3445 pote-

225 3463 317 3529 statis
339 3465 465 3530 haberet
493 3484 544 3529 eos
566 3466 655 3548 quasi
685 3483 788 3530 servos
816 3482 886 3529 euos
909 3464 1068 3529 induceret
1090 3460 1200 3545 (Cleo).
1246 3464 1347 3546 qued·

225 3565 356 3629 mirifice
368 3566 513 3630 convenit
528 3585 598 3630 oum
618 3567 662 3632 eis
678 3585 756 3649 quae
768 3565 892 3630 aliunde
905 3566 942 3629 de
955 3565 1062 3629 fabula
1075 3563 1232 3646 comperta
1244 3564 1326 3631 aunt.

326 3665 375 3730 Do
397 3666 553 3748 sequentis
576 3667 649 3731 anni
682 3665 846 3730 eomoediis
879 3667 955 3730 satis
977 3683 1070 3747 supra
1091 3663 1188 3729 loouti
1209 3682 1324 3728 sumus.

224 3765 258 3830 in
280 3766 390 3848 Vespie
411 3767 443 3830 et
463 3766 497 3831 in
518 3756 610 3845 Paeo,
632 3787 702 3831 oum
725 3766 897 3831 mentiones
918 3765 1058 3848 singulas
1080 3781 1142 3828 non
1162 3781 1325 3841 moremur,

224 3866 332 3947 aperta
363 3885 425 3930 non
463 3867 543 3933 ineat
571 3868 818 3951 ‘magistratuum
849 3866 966 3930 inrisio.
1021 3863 1144 3941 Cleoni,
1176 3863 1327 3946 siquidem

224 3967 265 4050 ol.
288 3967 338 4042 89,
362 3967 381 4029 2
403 3967 567 4049 imperium
589 3968 726 4050 gerebat,
748 3967 785 4030 nt
806 3967 929 4048 proprio
951 3965 1077 4029 inimioo
1099 3983 1161 4029 non
1182 3964 1325 4046 peperoit.

220 4066 306 4131 inter
327 4066 440 4132 Paoem
462 4069 493 4132 et
520 4068 726 4151 Lysistratam
751 4086 821 4131 oum
843 4086 906 4131 una
927 4065 1010 4130 Aroe
1030 4063 1213 4142 interoedat
1246 4084 1285 4130 ne
1313 4083 1328 4128 e

225 4165 395 4232 detererum
428 4169 552 4253 quidem
579 4170 776 4234 oemioorum
802 4167 986 4251 fragmentis
1021 4166 1124 4232 multa
1153 4166 1322 4233 lueremur.
