2752 4794
580 1279 631 1361 ΙΙ.

56 1543 193 1626 QUALI
215 1539 842 1608 111110101111111111111111
864 1540 1159 1610 nrflnnlaosus
1248 1486 1256 1492 ·

87 1661 88 1665 ’
112 1679 116 1684 ·
459 1648 764 1716 connectentur.

164 1857 377 1922 Penetrabunt
397 1855 492 1920 altius
507 1873 600 1937 quam
617 1855 665 1919 his
688 1855 818 1938 pagellis
833 1874 1009 1922 concessum
1032 1859 1092 1922 erit
1107 1860 1160 1941 qui

55 1958 195 2026 enodare
215 1956 391 2039 suscipient,
415 1955 566 2038 quomodo
590 1955 783 2021 conclamata
805 1956 861 2022 illa
882 1958 1057 2023 comoediae
1078 1960 1160 2042 apud

58 2057 188 2123 Atticos
218 2056 345 2121 licentia
377 2056 408 2120 et
436 2056 505 2120 crta
533 2055 575 2119 sit
600 2057 631 2120 et
653 2054 810 2120 sollemnis
833 2056 922 2138 quasi
943 2057 1039 2122 moris
1060 2058 1161 2123 instar

58 2157 245 2224 constituta.
287 2156 351 2222 illis
367 2157 448 2221 enim
463 2156 503 2222 ad
524 2155 591 2238 ipsa
608 2155 782 2220 comoediae
796 2155 964 2238 primordia
986 2158 1161 2241 regredien-

58 2259 139 2322 dum
154 2257 213 2322 erit
232 2257 406 2340 originique
420 2257 484 2321 eius
501 2255 714 2320 insistendum.
759 2257 856 2321 ardua
877 2256 934 2322 illa
953 2257 1078 2340 quidem
1100 2260 1160 2340 via,

58 2357 116 2433 sed
138 2376 217 2440 quae
238 2376 336 2441 neque
356 2357 558 2422 iniucundam
579 2375 635 2420 nec
660 2357 798 2422 sterilem
821 2359 967 2440 praebeat
996 2359 1161 2441 quaerendi

60 2459 235 2526 materiem.
285 2459 375 2541 plura
404 2459 486 2522 enim
515 2458 560 2522 ibi
581 2477 677 2540 quam
696 2459 775 2524 solet
795 2459 829 2523 in
850 2459 949 2542 poesis
971 2459 1162 2526 dramaticae

62 2559 221 2626 nataliciis
244 2559 274 2624 et
297 2557 363 2623 erui
385 2557 513 2640 possunt
536 2557 567 2622 et
590 2557 743 2641 cognosci,
766 2558 856 2641 plura
877 2559 921 2624 ibi
936 2559 1091 2625 divinanti
1113 2578 1161 2625 ce·

61 2661 152 2726 dunt.
196 2660 271 2724 haec
293 2677 363 2724 vero
386 2677 448 2722 non
469 2676 545 2739 opus
567 2657 613 2722 est
635 2658 671 2722 ut
693 2657 777 2740 prius
799 2658 988 2725 dirimantur
1010 2660 1162 2744 quemad

61 2761 255 2844 propositam
281 2758 492 2842 quaestionem
513 2759 705 2824 accedamus.
752 2778 826 2824 nam
855 2761 931 2825 satis
952 2761 999 2825 est
1021 2761 1163 2826 constare

61 2861 146 2926 inter
175 2878 288 2939 omnes,
321 2858 416 2923 fuisse
445 2859 484 2923 ab
512 2857 603 2923 initio
632 2877 751 2924 sacram
776 2859 979 2943 trygodorum
1001 2860 1161 2926 licentiam

60 2959 169 3026 ludere
191 2958 339 3042 quemvis
368 2956 557 3023 iocularibus
586 2959 726 3041 persequi
748 2959 863 3024 civium
886 2959 1071 3043 quicumque
1093 2979 1162 3042 per-

62 3060 237 3143 sequendus
255 3059 421 3124 rideretur.
465 3059 616 3123 noverant
637 3058 725 3125 illam
744 3060 776 3125 et
790 3060 976 3125 uerebantur
990 3061 1161 3142 priscorum

63 3163 239 3244 temporum
250 3160 453 3225 Athenienses
468 3179 523 3225 nec
544 3161 736 3244 gravabatur
757 3181 825 3227 eam
848 3161 901 3245 qui
922 3161 1004 3227 male
1026 3162 1163 3228 audisset

107 3282 326 3371 κωμῳδηθεὶς
338 3282 372 3350 ἐν
382 3286 454 3362 ταῖς
468 3284 620 3369 πατρίοις
634 3285 779 3364 τελεταῖς
793 3289 865 3363 ταῖς
878 3287 941 3351 τοῦ
955 3278 1127 3364 Διονύσου,

62 3415 100 3479 ut
118 3411 220 3478 verbis
241 3411 320 3477 illud
342 3412 520 3478 confirmem
542 3414 750 3480 obsolescente
777 3413 842 3480 iam
864 3412 1038 3479 comoediae
1060 3412 1162 3496 splen-

63 3515 139 3580 dore
160 3513 377 3595 pronuntiatis.
423 3514 498 3579 olim
527 3534 595 3581 eam
622 3515 782 3581 licentiam
806 3514 942 3581 extitisse
963 3531 1020 3579 nec
1048 3515 1162 3596 posteri

61 3614 261 3699 ignorabant,
278 3613 389 3696 quippe
403 3614 485 3698 quod
507 3615 683 3681 comoediae
696 3617 837 3682 servatae
857 3601 1010 3695 docerent,
1033 3615 1064 3680 et
1086 3615 1163 3680 scie-

62 3716 141 3781 bant
163 3714 226 3797 qui,
246 3732 316 3779 cum
338 3714 382 3779 111
397 3714 511 3781 notitia
531 3715 593 3780 fere
614 3716 798 3796 evanuisset,
821 3715 973 3800 originem
987 3714 1052 3780 eius
1073 3714 1162 3781 inda·

61 3835 139 3902 gare
165 3834 220 3881 sua
257 3815 377 3881 ratione
411 3833 466 3881 nec
493 3816 662 3899 spernenda
690 3818 793 3882 mente
828 3816 1029 3884 conabantur.
1079 3814 1162 3881 haud
1201 3843 1204 3850 ·

63 3915 222 3982 immerito
254 3913 353 3998 igitur
385 3916 424 3981 ab
456 3934 562 3982 eorum
591 3916 729 4000 reliquiis
761 3917 997 4001 proficiscemur.
1050 3914 1163 3982 clarius

63 4018 171 4085 autem
194 4016 395 4100 perspicietur
416 4036 511 4101 quam
533 4017 639 4100 paucis
663 4018 861 4103 incorruptae
881 4017 953 4086 fidel
973 4016 1105 4084 testibus
1127 4033 1163 4083 ea

61 4120 98 4185 in
119 4136 153 4184 re
174 4116 335 4183 nitendum
358 4117 409 4184 sit.
