2752 4794
615 363 656 429 37

189 547 359 662 κωμῳδεῖν
387 547 416 613 δ’
445 533 486 612 αὖ
512 545 567 612 καὶ
593 548 701 624 κακοῖς
723 545 825 632 λέγειν
844 543 902 613 τδν
921 546 980 630 μὲν
1000 547 1103 634 δῆμον
1125 540 1185 614 ούκ

88 642 225 712 δῶσιν”
209 670 260 711 ινα
279 633 323 733 με)
354 639 447 713 αύτοὶ
477 638 621 713 ἀκούωσι
644 650 764 725 κακῶς·
786 644 854 766 ἰδίῳ
875 646 911 714 δὲ
939 643 1182 715 κελεύουσιν’
1154 644 1190 714 εί

89 767 137 824 τις
158 771 228 812 τινα
249 743 411 831 βούλεται,
436 773 471 814 ευ
460 736 653 826 '‘sictrsg'
633 771 684 814 οτι
705 740 778 829 ουχῖ
793 752 852 814 τοῦ
873 743 977 837 δήμου
1000 741 1183 817 ominatos

89 851 146 913 τοῦ
164 837 357 938 πλήθους(
340 874 358 914 ο
380 845 678 936 κωμῳδούμενος
651 874 697 927 ως
711 848 768 915 ἐπὶ
784 873 822 916 το
813 844 935 928 πολύ,
958 840 1058 915 ἀλλ”
1047 845 1184 939 ἠπλού·

91 969 159 1025 σιος
183 943 205 1034 ἢ
223 953 368 1033 γενναῖος
389 945 410 1037 ἢ
437 945 626 1033 δυνάμενος,
657 941 761 1033 ὀλίγοι
781 947 818 1016 δέ
839 973 924 1027 τινες
942 953 1009 1015 τῶν
1032 945 1183 1038 πενήτων

90 1048 141 1115 καὶ
163 1052 230 1114 τῶν
250 1051 433 1136 δημοτικῶν
456 1051 690 1137 κωμῳδοῦνται
711 1074 764 1115 και
756 1041 853 1115 οὐδ’
877 1034 978 1130 οὗτοι,
1001 1045 1056 1117 ἐὰν
1069 1076 1114 1138 μη
1104 1046 1183 1118 διδ

87 1146 404 1237 πολυπραγμοσύνην
417 1175 471 1216 και
463 1147 595 1218 διὰ
558 1175 597 1217 το
621 1152 727 1237 ζῳτειν
735 1150 837 1219 πλεον
845 1175 878 1216 τι
900 1146 1181 1236 ἔχειντοῦδήμου.

83 1243 171 1315 ὥστε
182 1244 258 1316 ούδὲ
267 1246 342 1329 τούς
350 1245 520 1329 τοιούτους
533 1240 694 1332 ύχδονται
704 1250 991 1337 κωμῳδουμένους.

185 1353 371 1418 memoretur
382 1353 517 1435 primum
531 1345 601 1416 ούκ
614 1351 708 1418 ἐῶσι
718 1353 909 1419 sollemniter
918 1351 1095 1436 significare
1107 1345 1180 1418 ‘non

72 1442 287 1528 permittunt'
313 1453 334 1517 i.
357 1472 381 1518 e.
412 1453 480 1535 lego
500 1453 682 1534 prohibent.¹
695 1453 769 1536 quid
792 1471 864 1518 vero
878 1445 1104 1536 significstsoc
1126 1449 1179 1536 δῆ-

66 1570 148 1626 μον
159 1551 330 1636 κωμῳδεῖν
351 1544 408 1617 ούκ
424 1551 522 1618 toicc?
543 1553 575 1618 id
587 1572 648 1618 non
659 1554 696 1619 do
707 1555 773 1636 ipss
788 1553 893 1636 popnli
914 1570 1043 1635 persono
1061 1551 1199 1616 dictum

63 1666 232 1717 essenon
264 1653 312 1718 est
343 1653 396 1735 qui
425 1654 525 1736 negot.
556 1672 651 1735 quam
673 1672 744 1718 cnm
775 1651 915 1736 ineptum
948 1651 1042 1717 inerit
1070 1668 1181 1716 scaena

59 1765 217 1828 movero,
249 1752 316 1816 tum
346 1753 473 1836 Equites
502 1753 730 1835 Aristophanen
762 1753 792 1818 et
827 1751 969 1820 Platonis
1000 1751 1038 1817 fn
1068 1748 1180 1816 ino.V

55 1852 211 1917 obstant
233 1853 282 1929 (II
304 1853 393 1935 682):

186 1974 217 2016 οι
251 1951 290 2016 δι
279 1976 348 2038 μοι
371 1946 427 2017 διὰ
446 1946 572 2039 τρυφήν
604 1951 658 2025 καὶ
683 1945 820 2038 ύβρινῆ
848 1941 1076 2033 βελτιόνων’
1055 1947 1180 2070 απορίᾳ

51 2049 284 2136 δημαγωγῶν
295 2054 434 2174 χρῶνται
452 2057 524 2130 τοῖς
538 2051 738 2135 ἐπιτυχοῦσι,
750 2046 1000 2134 βδελυττόμενοι
1014 2049 1068 2116 καὶ
1084 2072 1181 2114 κατα-

52 2154 292 2237 φρονοῦντες,
326 2144 398 2217 εἶτα
426 2151 575 2238 χαίρουσι
602 2146 761 2218 τοιούτων
788 2148 834 2230 εἷς
861 2143 979 2230 αύτούς
1000 2149 1181 2237 λεγομένων

52 2242 143 2317 osce
157 2247 335 2318 Πλάτων(
318 2279 336 2319 o
356 2249 499 2338 κωμικδς
518 2247 590 2320 τδν
611 2254 746 2340 δῆμον
766 2244 898 2318 αύτδν
929 2251 1063 2338 λέγοντα
1087 2253 1181 2319 ποιεῖ

246 2379 348 2461 λαβοῦ
370 2377 471 2462 λαβοῦ
494 2382 552 2466 τῆς
571 2374 680 2462 χειρδς
699 2374 744 2458 ὥς
764 2373 899 2462 τάχιστά
922 2403 996 2464 μου.

245 2477 352 2561 μέλλω
373 2474 550 2565 στρατηγδν
571 2483 770 2565 χειροτονεῖν
789 2470 960 2565 Ἀγύρριον
981 2475 1046 2546 κτὲ.

54 2615 157 2671 nem
181 2606 264 2670 iocos
274 2606 348 2670 licet
372 2607 512 2690 singulos
534 2608 629 2673 etism
650 2609 730 2692 logis
746 2607 898 2690 praesidio
921 2606 1053 2673 munitis
1063 2606 1182 2672 obicere

55 2706 152 2771 ansi
175 2706 238 2771 sint
260 2707 379 2784 comici,
410 2727 572 2790 personam
597 2728 691 2792 quam
722 2709 790 2774 ludi
810 2707 943 2774 vetitum
965 2707 1045 2773 esset
1065 2707 1103 2772 nt
1127 2707 1177 2770 in·
1256 2720 1259 2724 ’

58 2803 231 2872 ducerent
261 2826 299 2872 ne
327 2808 454 2893 chorogi
483 2809 607 2891 quidem
636 2809 851 2875 concedebant.
902 2807 1050 2890 populum
1080 2806 1180 2890 igitur

58 2899 184 2972 inludi
211 2907 368 2986 vetabant,
389 2904 429 2974 ῖδ
436 2907 449 2972 ι’
456 2931 479 2996 ρ
501 2909 732 2992 permittebant.
776 2909 851 2974 haec
880 2927 942 2974 non
970 2907 1079 2973 dubito
1101 2907 1177 2990 quin

64 3007 247 3088 premenda
269 3010 342 3087 sint,
365 3011 402 3074 ut
423 3005 491 3096 ἰδίᾳ
510 3007 682 3093 κωμῳδεῖν
702 3008 784 3074 idem
806 3008 960 3092 significet
982 3007 1064 3091 qnod
1091 2999 1179 3072 ῖδιιύ·

64 3125 141 3183 τας
163 3097 374 3190 ἀνθρώπως,
392 3110 435 3174 eis
456 3110 555 3193 igitur
576 3111 688 3192 opponi
710 3110 902 3194 nonpossint
923 3109 983 3175 nisi
998 3108 1052 3191 qni
1074 3107 1180 3191 populi

71 3207 303 3274 anctoritatem
316 3210 450 3288 teneant,
465 3212 501 3275 nt
512 3209 538 3274 si
549 3210 592 3276 eis
604 3210 685 3277 mole
698 3209 822 3276 dicetm
831 3209 942 3294 populo
951 3207 1033 3274 mate
1046 3207 1179 3272 dicatur.

71 3326 119 3375 ac
137 3311 257 3374 certum
273 3312 319 3374 est
332 3311 430 3376 libelli
445 3311 626 3394 scriptorem
646 3331 708 3378 non
732 3312 800 3394 ipsc
813 3310 892 3395 legis
905 3310 998 3376 verbs
1013 3309 1065 3375 sed
1079 3328 1116 3374 es
1130 3309 1180 3374 st·

74 3409 192 3474 tulie
202 3429 282 3493 queo
294 3411 451 3493 proposito
460 3431 516 3478 sno
526 3411 602 3495 apto
610 3412 796 3478 viderentur.
820 3411 955 3476 vidimus
974 3409 1080 3475 eutem
1100 3427 1180 3492 quos

77 3509 200 3574 fuerint
225 3512 364 3576 convicio
386 3512 497 3594 qrribns
518 3511 584 3595 ipse
604 3512 733 3578 affectus
753 3530 819 3577 esso
845 3509 975 3594 populns
995 3510 1178 3576 censeretur.

94 3664 104 3684 ,
185 3612 329 3677 convenit
351 3613 477 3678 cumeis
493 3632 571 3696 quse
590 3612 867 3698 ismoognovimus
887 3611 1019 3695 queteb
1030 3609 1178 3676 archonte

83 3819 163 3874 annis
181 3820 308 3873 427—25
326 3817 490 3874 definiendis
508 3818 624 3890 fallitur,
658 3819 764 3876 Herbst
784 3818 819 3875 de
835 3818 924 3890 mycn
944 3819 980 3874 sb
991 3817 1057 3874 Act.
1076 3815 1130 3877 def.
1149 3836 1177 3889 p.

83 3909 118 3961 18
137 3906 193 3961 olii.
231 3904 266 3960 de
283 3911 398 3962 anctore
416 3907 567 3962 commenti
595 3911 659 3962 sunt
688 3907 801 3962 inutilis
819 3905 965 3977 Helbigius
983 3904 1021 3963 M.
1040 3904 1092 3960 Rh.
1113 3898 1179 3960 XVI

82 4015 109 4065 p.
129 3995 180 4049 511
201 4013 241 4065 sq.
260 3995 385 4050 Roscher
403 3994 488 4052 Timo.
507 4013 534 4066 p.
559 3997 614 4049 252
631 3995 688 4057 etii.
725 3996 760 4051 ci.
785 3995 906 4052 Boeckh.
925 4012 982 4051 oec.
1001 3995 1067 4050 Ath.
1085 3994 1099 4048 1
1118 3995 1178 4050 433.

83 4100 135 4155 ego
153 4084 285 4153 scriptum
316 4101 375 4138 esse
400 4083 522 4138 libellum
542 4080 626 4138 credo
649 4086 715 4140 anto
734 4080 886 4154 Hyperboli
910 4080 1023 4138 exilium
1044 4080 1082 4138 ol.
1104 4080 1173 4156 90⁸1,

81 4171 179 4240 (Cobet
196 4169 268 4234 Flet.
287 4171 348 4227 reli
366 4190 393 4242 p.
415 4172 487 4249 148).
