2752 4794
657 332 703 403 ,24

336 517 423 600 moip'
446 511 499 596 ἔχε
520 510 722 598 Συρακόσιον

273 753 308 764 -·
333 714 489 802 ἐπιφανὲς
511 712 570 800 γὰρ
592 708 679 802 αύτῷ
701 716 755 781 καὶ
774 715 855 800 μέγα
878 711 966 796 τύχοι
991 716 1029 764 -’-

138 919 191 984 sed
215 938 294 1001 quae
316 919 462 983 secuntur
495 919 600 999 aperte
631 919 831 1000 anapaestica
852 920 925 984 sunt
947 939 1002 985 nec
1020 921 1158 986 numeris
1176 939 1233 986 nec

142 1023 242 1089 serbis
263 1023 397 1089 incerta:
1078 1027 1080 1030 ’

358 1119 511 1207 ἀφείλετο
535 1115 594 1204 γὰρ
615 1121 785 1206 κωμῳδεῖν
807 1113 869 1199 οὓς
891 1118 1091 1205 ἐπεθύμουν.

137 1223 265 1304 apparet
286 1221 384 1301 igitur
406 1241 422 1285 e
445 1222 600 1286 concitato
630 1222 792 1305 conloquio
815 1223 927 1304 priora,
958 1225 1091 1290 achoro
1113 1225 1234 1290 scilicet

137 1321 347 1403 pronuntiata,
369 1323 503 1387 extrema
526 1341 542 1386 s
563 1321 706 1404 parabasi
726 1323 928 1387 schohastam
949 1324 1122 1406 sumpsisse.

236 1420 375 1485 Fuerunt
402 1422 456 1502 qui
485 1420 681 1503 Syracosium
713 1421 813 1503 legem
843 1421 932 1488 illam
960 1423 1068 1487 tulisse
1094 1421 1234 1487 dicerent

134 1519 291 1583 Alcibiadi
315 1519 504 1598 obsecutum,
528 1522 563 1584 ut
576 1520 729 1603 Bergkius
750 1541 798 1602 ap.
821 1521 971 1584 Fritzsch.
994 1540 1044 1602 qu.
1058 1521 1112 1585 Ar.
1125 1540 1155 1601 p.
1171 1522 1233 1585 319

137 1620 234 1685 allato
261 1620 356 1684 schol.
383 1619 512 1686 Aristid
545 1641 574 1703 p.
597 1622 659 1685 444
689 1623 727 1686 D.
759 1620 903 1704 περιεῖλε
934 1619 971 1686 δὲ
996 1623 1097 1686 τοῦτο
1126 1609 1233 1685 'Alu-

137 1713 255 1804 βιύδης
282 1714 300 1784 ὁ
324 1716 500 1804 στρατηγὸς
521 1719 574 1786 καὶ
597 1715 713 1806 ῥήτωρ.
758 1722 796 1786 ol.
818 1721 911 1787 Mein.
934 1723 975 1788 H.
990 1721 1023 1789 C.
1044 1743 1073 1805 p.
1085 1723 1137 1797 40.‘
1162 1721 1234 1785 utut

137 1823 183 1887 est
203 1822 359 1886 Alcibiadi
380 1824 530 1887 tribuitur
559 1823 607 1887 lex
628 1823 738 1887 similis
760 1823 989 1906 Syracosianae‚
1011 1823 1049 1888 de
1069 1843 1147 1890 com.
1169 1823 1230 1889 IX*

135 1923 176 1986 64
198 1941 226 2003 p.
253 1921 331 1985 XIX
355 1921 392 1984 D.
758 1920 762 1931 '

237 2019 290 2084 καὶ
312 2014 397 2085 οὕτω
421 2014 461 2104 δὴ
483 2013 505 2105 ἢ
525 2018 766 2105 διαφθαρέντος
789 2023 860 2099 τοῖς
882 2015 1000 2101 κύμασι
1021 2022 1191 2100 παντελῶς
1214 2019 1235 2108 ἢ

135 2120 190 2185 καὶ
213 2119 459 2205 περισωθέντος
475 2114 631 2207 ψήφισμα
653 2117 753 2185 ἔθετο
769 2112 986 2206 Ἀλκιβιάδης,
1007 2121 1117 2207 μηκέτι
1134 2147 1234 2210 φανε-

140 2225 206 2304 ρῶς
227 2213 311 2286 oilla
330 2222 535 2303 συμβολικῶς
557 2221 735 2306 κωμῳδεῖν.

137 2323 334 2407 Syracosium
366 2325 465 2406 igitur
492 2325 523 2388 et
551 2324 718 2390 scholiasta
746 2325 844 2389 tradit
872 2327 904 2389 et
925 2325 1117 2409 Phrynichus
1140 2327 1234 2395 fidem

138 2425 215 2489 facit
237 2444 294 2490 sua
316 2425 384 2508 lege
411 2425 602 2506 prohibuisse
629 2418 679 2510 μὴ
706 2424 1004 2508 κωμῳδεῖσθαι
1035 2416 1235 2507 ὀνομαστί

137 2546 230 2589 τινα
252 2525 400 2591 cischol.
419 2525 601 2591 Aeh.1150.
623 2526 717 2607 atque
738 2544 914 2591 concessum
936 2527 1030 2593 fuisse
1051 2529 1177 2594 comicis
1200 2531 1235 2593 ut

137 2626 265 2697 homins
289 2645 393 2690 eorum
416 2644 492 2708 quos
520 2625 669 2689 ludebant
697 2626 800 2706 palam
828 2630 1050 2708 nuncuparent,
1080 2629 1235 2694 libertatis

137 2747 242 2793 eorum
265 2746 387 2793 summa
408 2727 546 2809 antiquis
570 2725 742 2790 videbatur.
769 2727 802 2792 iu
824 2713 962 2793 Platorii
984 2729 1124 2794 tractatu
1145 2731 1177 2794 et
1199 2731 1233 2794 in

138 2827 364 2910 prolegomenis
385 2828 545 2914 quantum)
558 2828 586 2890 ei
606 2827 650 2890 rei
675 2827 824 2891 momenti
844 2828 1001 2893 tribuatur
1016 2829 1160 2894 vidimus.
1191 2831 1230 2895 cf.

139 2946 217 3008 quae
240 2927 344 2992 Cicero
367 2927 444 2992 dicit
456 2926 493 2992 a.
507 2927 543 2991 P.
554 2928 600 2993 IV
614 2929 668 2992 10:
698 2920 741 2991 ‘et
762 2926 872 2993 Graeci
895 2928 1019 3010 quidem
1041 2930 1232 3012 antiquiores

135 3031 267 3094 vitiosae
289 3050 362 3097 suae
390 3031 542 3114 opinionis
571 3031 727 3113 quandam
755 3030 1000 3095 convenientiam
1021 3032 1232 3096 servaverunt.

138 3130 221 3212 apud
243 3124 402 3212 quos'fuit
423 3132 518 3197 etiam
540 3132 608 3214 lege
630 3150 808 3197 concessum
823 3131 858 3195 ut
870 3130 955 3212 quod
969 3131 1062 3196 vellet
1074 3131 1232 3197 comoedia

138 3230 175 3294 de
207 3249 267 3311 quo
297 3231 389 3295 vellet
423 3232 613 3313 nominatim,
639 3221 768 3295 diceret'
797 3249 858 3312 eqs.
881 3230 919 3294 cf.
950 3231 1101 3296 Horatius
1126 3231 1165 3296 A.
1197 3232 1232 3296 Ρ.

64 3334 66 3340 “
138 3331 256 3412 281sq.
272 3330 347 3411 (284
365 3325 499 3396 ‘sublato
521 3332 588 3397 iure
609 3322 771 3413 nocendi),
805 3332 891 3414 quali
912 3331 945 3395 id
966 3332 1034 3414 lege
1056 3350 1232 3396 conoessum

140 3430 234 3494 fuerit
256 3449 348 3512 supra
370 3431 518 3519 diximus:
541 3432 690 3497 nimirum
701 3451 787 3497 sacro
810 3432 984 3498 comoediae
1004 3432 1070 3496 iure
1093 3434 1234 3513 patrum-

40 3594 44 3603 ,
137 3551 197 3613 que
218 3532 248 3594 et
270 3531 396 3594 deorum
419 3531 606 3597 auctoritate
627 3532 754 3600 sancito.
788 3550 848 3614 quo
876 3532 947 3598 ante
965 3532 1125 3597 Euclidem
1142 3552 1232 3596 num-

137 3651 232 3713 quam
259 3650 383 3712 prorsus
405 3631 589 3699 abstinuisse
611 3633 716 3714 poetas
738 3634 768 3696 et
790 3652 806 3696 e
827 3633 1011 3715 fragmentis
1027 3633 1126 3698 elucet
1148 3635 1179 3698 et
1198 3653 1232 3698 er

136 3731 355 3813 Aristophanis
378 3731 541 3797 comoediis
563 3733 663 3797 —de
691 3731 833 3799 Uliribus
864 3734 896 3798 et
924 3752 1003 3816 quae
1024 3735 1089 3799 eius
1111 3736 1231 3817 generis

23 3848 28 3857 ·
137 3835 210 3899 sunt
230 3853 311 3898 nunc
339 3834 437 3898 taceo.
490 3835 557 3916 ipsa
587 3836 692 3899 autem
723 3835 892 3918 Phrynichi
924 3835 1018 3900 rerba
1050 3827 1161 3901 docent
1192 3856 1229 3900 ne

136 3934 333 4018 Syracosium
357 3934 481 4016 quidem
503 3935 663 4000 licentiam
689 3936 786 4000 istam
807 3936 932 4002 omnino
955 3936 1138 4002 abolendam
1159 3954 1229 4002 cen·

136 4035 242 4101 suisse.
286 4033 433 4098 nimirum
457 4036 550 4100 verba
759 4117 762 4122 Ι

86 4145 90 4150 ’
297 4122 452 4220 ἀφείλετο
474 4127 532 4218 γὰρ
555 4134 725 4220 κωμῳδεῖν
746 4124 811 4215 οὓς
833 4130 1069 4219 ἐπεθύμουν
