2752 4794
662 310 701 375 31

136 497 220 561 hanc
241 514 315 561 sane
340 493 491 559 sinceram
522 511 585 557 esse
617 491 798 557 memoriam
824 509 913 557 nemo
943 491 1120 558 contendet:
1162 511 1236 559 nam

138 597 243 680 legem
264 615 326 678 qua
348 593 543 660 abolerentur
565 593 699 658 comicae
720 592 857 657 actiones
878 610 934 656 neo
954 592 1061 660 tulisse
1077 591 1148 658 Cleo
1170 612 1236 659 cre·

90 755 96 769 ,
141 696 262 762 dendus
284 697 330 760 est
351 714 406 761 nec
426 694 453 760 si
466 695 542 759 tulit
562 694 700 777 pertidit.
723 695 858 777 optimae
872 696 976 760 autern
992 697 1084 761 notae
1096 695 1236 779 scholion

136 797 201 861 fuit
223 796 306 879 quod
328 796 409 861 male
432 795 644 877 transscripsit
666 795 842 884 scholiasta,
868 796 903 860 ut
923 795 992 878 ipsa
1006 795 1127 862 adiecta
1141 796 1235 863 verba

285 907 335 976 ὅτι
356 907 396 997 δή
421 910 520 992 ξένων
541 906 714 995 παρόντων
728 911 872 990 ’πολίτας
895 907 1067 977 ἔσκωπτον

138 1031 264 1096 abunde
276 1030 396 1094 docent.
429 1049 502 1096 nam
517 1047 587 1094 cum
605 1031 779 1113 suspicetur
800 1029 932 1096 fortasse
953 1032 1107 1114 quispiam
1127 1034 1235 1099 vetan-

138 1135 216 1199 dum
238 1135 339 1197 visum
363 1151 427 1197 esse
442 1130 547 1196 Cleoni
569 1126 772 1207 111111ςᾶ111
794 1131 969 1197 comoediae
991 1135 1164 1216 egerentur,
1180 1137 1235 1200 aut

136 1235 206 1317 ipsa
229 1233 289 1298 viri
311 1232 498 1298 auctoritate
518 1232 574 1297 aut
595 1232 663 1315 lege
692 1233 811 1296 factum
842 1233 923 1298 certe
949 1234 995 1298 est
1016 1235 1053 1297 ut
1072 1253 1091 1298 a
1112 1236 1235 1318 magnis

138 1335 252 1400 saltem
275 1332 432 1415 Dionysiis
454 1332 552 1396 nimie
584 1332 772 1397 comicorum
795 1332 924 1398 licentia
951 1335 1116 1399 arceretur.
1162 1355 1236 1410 nam

139 1434 224 1516 quod
239 1451 409 1498 memorare
428 1433 549 1497 nullum
573 1434 661 1499 video
677 1453 824 1518 perquam
842 1435 1040 1500 memorabile
1059 1437 1114 1514 est,
1137 1437 1235 1503 mari·

138 1553 224 1599 mam
248 1534 406 1598 licentiam
428 1534 461 1597 in
488 1533 601 1598 fabulis
631 1553 710 1618 quae
727 1535 925 1602 ,Lenaeorum
950 1535 1032 1600 ludis
1054 1537 1141 1600 actae
1161 1537 1235 1601 sunt

139 1653 330 1728 comparere:
352 1634 430 1698 Ach.
454 1635 509 1716 Eq.
528 1634 617 1715 Vesp.
635 1629 703 1718 Lys.
720 1634 799 1699 Rau.
815 1635 882 1717 ipse
904 1637 1008 1702 autem
1023 1637 1235 1702 Acharnenees

137 1755 211 1799 cum
243 1735 369 1800 Lenaeis
396 1735 548 1818 ageretur,
577 1735 722 1816 proximis
752 1734 927 1817 dequibus
959 1737 1149 1820 compertum
1186 1723 1233 1802 oet

136 1836 297 1920 Dionysiis
329 1835 452 1901 fabulae
483 1845 561 1918 quae
595 1835 629 1899 in
663 1841 805 1900 scaenam
836 1837 1019 1919 prodiemnt
1050 1827 1234 1920 argumento

136 1956 244 2004 omncs
267 1937 356 2021 erant
377 1955 395 2001 a
417 1937 506 2000 rebus
527 1935 658 2016 publicis
680 1936 797 2000 alieno:
820 1937 925 2002 Nubes
937 1937 1005 2002 dico
1021 1935 1233 2027 (1111111111.

137 2037 299 2119 Aristoph.
322 2037 338 2101 I
360 2056 388 2119 p.
405 2036 448 2118 9),
472 2034 591 2101 Cratini
612 2035 798 2119 lagoenam,
821 2037 980 2118 Amipsiae
1001 2036 1150 2104 Connum.

244 2169 330 2234 Haeo
346 2188 416 2233 cnm
430 2168 470 2233 ad
484 2168 713 2234 inlustrandam
727 2171 902 2236 universam
915 2169 1035 2236 Cleonis
1057 2189 1129 2236 cum
1143 2172 1233 2253 poeta

136 2271 332 2336 simultatem
352 2269 491 2334 sufficere
510 2269 683 2349 videantur,
712 2271 750 2336 ad
778 2271 878 2353 ipsam
907 2281 1032 2337 oausam
1059 2272 1235 2337 accuratius

136 2369 338 2436 tractandam
348 2369 539 2435 accedamus.
573 2389 668 2452 quam
681 2370 728 2436 ita
743 2371 796 2454 agi
811 2370 958 2452 oportuit,
980 2370 1016 2434 ut
1037 2371 1070 2434 in
1092 2371 1235 2436 contIone

136 2472 210 2554 post
232 2470 326 2534 festos
350 2488 536 2552 magnorum
557 2469 774 2554 Dionysiorum
803 2471 867 2537 dies
896 2470 937 2537 ad
964 2471 1093 2537 crimina
1115 2470 1233 2536 inillis
1363 2510 1365 2515 ·

135 2571 305 2636 commisse
327 2569 510 2651 expedienda
532 2569 565 2635 in
583 2571 706 2636 theatro
722 2571 888 2653 quotannis
901 2571 1009 2670 habita
1026 2570 1131 2654 populi
1145 2590 1234 2654 prae-

135 2669 291 2735 iudicium
305 2689 365 2765 por
387 2669 547 2752 probolam
570 2668 641 2735 Cleo
663 2671 852 2769 impetraret

239 2804 300 2869 Sed
323 2805 454 2886 opponet
481 2804 634 2886 qidepiam
656 2822 774 2869 -nec
802 2806 867 2870 sine
893 2805 1013 2871 ratione
1039 2807 1171 2889 opponet
1193 2842 1234 2853 -

133 2927 200 2973 non
223 2905 363 2970 constare
385 2906 540 2970 contiones
562 2905 618 2970 illa
640 2900 703 2970 iam
724 2906 828 2971 aetate
849 2906 1000 2990 Dionysia
1021 2909 1233 2988 11111111111,

134 3012 234 3074 immo
267 3007 367 3089 legem
396 3025 474 3088 quae
504 3006 591 3070 festis
624 2992 731 3071 diebus
762 3005 891 3096 iniurias
924 3006 991 3071 fieri
1018 3008 1137 3073 vetaret
1157 3009 1234 3074 tunc

134 3108 264 3174 omnino
286 3106 422 3170 nondum
444 3105 595 3196 extitisse.
639 3124 712 3170 nam
738 3123 809 3170 cum
836 3105 1148 3187 perDemosthenem
1169 3109 1233 3191 pri·

133 3228 224 3273 mum
253 3207 351 3289 (XXI,
375 3207 407 3289 9)
434 3208 465 3271 et
488 3207 671 3273 Aeschinem
698 3208 754 3290 (II,
774 3209 829 3292 61)
856 3208 894 3273 de
923 3228 982 3274 usu
1007 3209 1062 3275 illo
1089 3211 1233 3277 certiores

132 3310 257 3386 fiamus,
280 3309 344 3390 ipso
365 3309 588 3374 Demosthenes
609 3309 686 3374 dicit
708 3310 745 3374 de
766 3310 930 3376 Alcibiade
950 3310 1037 3390 XXI,
1062 3312 1136 3376 147:

242 3407 348 3472 καίτοι
371 3406 403 3471 τί
433 3410 591 3475 τοσοῦτον
618 3407 743 3486 ἐκεῖνος
762 3404 902 3492 ὕβρισεν,
924 3405 1035 3496 ἡλίκον
1055 3395 1156 3489 οὗτος
1178 3413 1234 3476 νῦν

135 3503 371 3594 ἐξεληλεγκταα
397 3507 539 3591 Ταυρέαν
555 3503 694 3590 ἐπάταξε
709 3511 906 3595 χορηγοῦντα
921 3507 977 3574 ἐπὶ
997 3504 1124 3596 κόρρης.
1145 3506 1233 3579 ἔστω

133 3612 246 3688 ταῦτα,
273 3598 353 3672 ἀλλὰ
379 3611 525 3694 χορηγῶν
550 3632 584 3694 γε
608 3611 805 3695 χορηγοῦντα
821 3611 912 3675 τοῦτ’
935 3607 1098 3696 ἐποίησεν,
1121 3600 1231 3678 οὔπω

134 3705 250 3775 τόνδε
278 3705 344 3775 τὸν
366 3704 486 3792 νόμον
508 3709 773 3792 παραβαίνων.
796 3700 840 3775 οὗ
863 3709 930 3795 γὰρ
955 3706 1084 3778 ἔκειτό
1106 3735 1184 3776 aaron

134 3814 202 3877 iam
238 3830 308 3876 cum
341 3830 429 3876 nemo
461 3812 584 3895 ignoret
613 3811 787 3894 antiquitus
820 3811 1001 3887 institutum
1029 3813 1123 3879 fuisse
1151 3815 1232 3880 uta

134 3912 224 3977 festis
247 3910 483 3977 Atheniensium
514 3912 620 3978 diebus
651 3912 878 3978 calumniarum
900 3930 989 3978 omne
1009 3898 1107 3998 genus
1128 3914 1232 3997 prohi-

133 4013 260 4078 beretur
282 4012 334 4093 (cf.
357 4011 442 4076 Plut.
466 4012 527 4077 Sol.
551 4011 628 4076 XXI
650 4047 690 4058 -
710 4009 765 4075 καὶ
785 4009 932 4094 θεωρίας
953 4001 1052 4098 οὔσης
1071 4003 1227 4098 α’γώνων),

134 4111 228 4177 facile
245 4111 427 4176 adducimur
442 4113 478 4177 nt
492 4112 549 4176 hoc
572 4113 780 4181 commentum
800 4131 864 4178 esse
883 4115 1037 4180 oratorem
1057 4114 1227 4195 credamus,
1355 4115 1357 4120 '
