2752 4794
747 346 788 409 22

220 537 280 602 tini
308 533 492 619 fragmentis
524 531 673 614 conligas,
706 548 854 614 magnam
883 529 1001 595 scilicet
1029 530 1103 594 ante
1130 528 1162 593 id
1195 530 1321 611 tempus

224 637 411 703 comicorum
432 636 465 699 in
486 633 621 699 ludendo
642 632 800 697 licentiam
823 631 927 696 fuisse.

324 734 554 820 Moryohideam
583 734 722 816 proxima
749 732 888 814 sequitur
916 732 963 797 lex
985 731 1201 797 Antimachea.
1244 749 1319 796 nam

224 838 264 905 ad
285 837 420 902 Acharn.
442 852 472 900 τ.
497 835 595 898 1150:

258 964 264 977 ¹
342 926 544 1016 Ἀντίμαχον
570 927 629 997 τὸν
653 926 801 1008 Ψωιάδος
821 925 878 995 τὸν
899 931 1065 1016 ξυγγραφῆ
1097 925 1156 995 τὸν
1193 928 1323 1012 μελέων

1151 1051 1280 1115 ποητην

347 1128 393 1212 ῶς
414 1132 473 1217 μὲν
493 1127 590 1217 ἆπληῖ
613 1126 699 1216 λόγῳ
720 1133 826 1208 κακῶς
849 1129 1026 1212 ἐξολέσειεν
1047 1126 1066 1196 ὁ
1089 1131 1180 1207 Ζεύς·

122 1288 140 1312 ,,
346 1228 384 1312 ὅς
394 1231 482 1319 γ’ῖμὲ
492 1227 550 1297 τὸν
559 1227 702 1316 τλήμονα
713 1225 846 1315 Λήναια
857 1232 1002 1315 χορηγῶν
1017 1222 1151 1296 ἆπέλοσ’
1163 1220 1321 1295 ἄδειπνον

223 1337 337 1423 triplex
357 1336 405 1401 est
425 1334 663 1400 scholiastarum
686 1332 847 1397 adnotatio

301 1437 326 1500 I.
348 1428 498 1521 φαοῖγοῖρ
506 1424 604 1498 αὐτὸν
614 1427 738 1516 γράψαι
746 1427 906 1518 ψήφισμα
918 1424 1002 1496 ὥστε
1009 1428 1086 1508 τούς
1096 1425 1321 1516 χορούςμηδὲν

346 1533 381 1600 ἐκ
402 1536 468 1599 τῶν
487 1535 634 1618 χορηγῶν
655 1525 829 1614 λαμβάνειν
848 1531 929 1614 quod
941 1533 1046 1614 aperte
1057 1533 1222 1598 commenti
1233 1534 1320 1597 eunt.

279 1637 321 1701 11.
344 1629 451 1700 ἐδόκει
473 1632 510 1699 δὲ
532 1627 550 1698 ὁ
571 1624 761 1714 Ἀντίμαχος
792 1615 888 1708 οὗτος
916 1626 1074 1717 ψήφισμα
1102 1631 1319 1716 πεποιηκέναι

340 1731 386 1823 μὴ
400 1735 470 1801 δεῖν
486 1733 658 1820 κωμῳδεῖν
674 1731 711 1814 ἐξ
722 1725 891 1814 ὀνόματος.
935 1730 988 1795 καὶ
1002 1728 1059 1796 ἐπὶ
1072 1725 1179 1817 τούτῳ
1195 1730 1319 1811 πολλοὶ

342 1837 409 1900 τῶν
430 1836 578 1920 ποιητῶν
598 1831 636 1899 οὐ
658 1833 855 1922 προσῆλθον
869 1825 1053 1917 ληψόμενοι
1070 1827 1130 1897 ,τὸν
1149 1826 1247 1915 χορὸν
1267 1832 1324 1898 καὶ

342 1935 441 2022 δῆλον
472 1929 525 2000 ὅτι
553 1932 674 1999 πολλοὶ
696 1937 764 1999 τῶν
790 1935 954 2014 χορευτῶν
983 1931 1130 1998 ἐπείνων.
1173 1928 1323 2017 ἐχορήγει

343 2035 379 2102 δὲ
396 2032 414 2103 ὁ
431 2029 632 2120 Ἀντίμαχος
650 2030 726 2100 τίκτε
745 2030 800 2100 ὅτε
823 2029 983 2122 εἰσήνεγκε
1006 2029 1045 2098 τὸ
1065 2029 1229 2120 ψήφισμα.
1281 2034 1322 2098 cf.

340 2138 552 2223 Diogenianus
573 2138 651 2203 VIII
675 2138 723 2203 71.
786 2138 791 2148 “
972 2206 975 2216 ,

267 2238 325 2304 ΙΠ.
349 2231 381 2302 οῖ
391 2236 427 2302 δὲ
440 2236 587 2322 λέγουσιν
600 2232 651 2302 ὅτι
666 2231 802 2321 ποιητὴς
813 2229 858 2300 ῶν
872 2229 970 2313 καλὸς
982 2235 1190 2318 (scribendum
1205 2229 1322 2315 κακὸς)

344 2341 490 2424 χορηγῶν
512 2362 595 2404 ποτε
616 2333 819 2422 μικρολόγως
840 2341 911 2415 τοῖς
931 2339 1100 2418 χορευταῖς
1122 2328 1296 2420 ἐχρήσατο.

227 2457 290 2506 non
311 2440 491 2507 dubItamus
519 2440 712 2506 deu.1152
741 2438 929 2523 cxphmndo.
972 2438 1124 2520 choragus
1151 2437 1232 2518 enim
1255 2435 1325 2501 An·

225 2540 383 2605 timaohus
410 2541 477 2605 erat
498 2540 613 2605 lenaeis
642 2540 716 2604 anni
737 2540 809 2604 ante
830 2540 934 2603 actam
955 2537 1168 2602 Acharnenses
1189 2535 1209 2600 i.
1232 2554 1257 2599 e.
1282 2536 1324 2600 ol.

228 2639 434 2717 LXXXVIII,
457 2639 824 2721 2(of.wilamowitz.1.
847 2657 870 2703 s.
894 2657 922 2720 p.
948 2637 1010 2719 15).
1053 2637 1159 2718 itaque
1181 2636 1207 2700 si
1228 2634 1325 2700 fidem

227 2739 375 2805 habemus
397 2741 590 2820 scholiastae,
613 2760 647 2808 eo
668 2743 734 2824 ipso
757 2760 837 2808 anuo
857 2743 958 2827 legem
978 2743 1183 2807 Antimachus
1204 2740 1326 2806 tulerat

230 2838 268 2933 de
298 2840 483 2906 removenda
504 2842 691 2909 comicorum
712 2844 847 2909 licentia.
890 2843 943 2907 sod
967 2859 1056 2906 nomo
1079 2840 1199 2923 estqui
1228 2839 1326 2904 fidem

164 2945 167 2951 '
226 2939 254 3004 ci
276 2938 451 3006 habendam
475 2943 606 3008 censeat.
650 2944 743 3009 nimis
767 2944 848 3008 enirn
875 2944 1016 3026 apertum
1039 2943 1085 3007 est
1107 2961 1201 3024 quam
1221 2938 1328 3005 artili-

226 3040 307 3104 ciose
331 3040 364 3105 in
386 3040 564 3124 explicando
592 3044 660 3109 loco
685 3045 814 3109 laboret.
858 3062 955 3126 neque
981 3043 1151 3128 quidquam
1178 3040 1211 3105 in
1232 3041 1328 3105 scho-

228 3140 341 3207 liastae
358 3142 457 3207 verbis
477 3161 532 3225 pro
554 3144 637 3209 certo
653 3144 827 3210 habendum
849 3145 895 3209 est
910 3144 969 3210 nisi
983 3145 1062 3229 legIs
1079 3144 1118 3208 ab
1134 3141 1326 3206 Antimacho

227 3240 311 3306 latae
325 3243 482 3321 memoria,
512 3243 550 3307 cf.
566 3243 719 3328 Berghius
740 3245 773 3309 in
795 3244 960 3311 Schmidtii
984 3245 1087 3309 annal.
1109 3242 1216 3307 histor.
1238 3241 1270 3305 Π
1293 3260 1327 3323 p.

227 3338 287 3404 201
311 3339 381 3406 adn.
424 3360 517 3425 quam
540 3342 668 3408 eandem
688 3344 827 3408 homines
849 3343 933 3408 docti
955 3363 1018 3408 esse
1040 3341 1202 3408 voluerunt
1229 3341 1329 3422 atque

227 3432 406 3537 Mosychide
427 3440 516 3506 illam
537 3442 684 3507 archonte
704 3444 804 3509 latam
821 3442 967 3525 (Boeohh.
981 3463 1041 3509 occ.
1055 3442 1129 3507 Ath.
1144 3440 1235 3506 1437
1250 3439 1335 3504 adnr

227 3538 277 3603 cui
298 3558 359 3605 non
380 3541 503 3606 videtur
526 3542 676 3608 adsentiri
702 3542 872 3610 Meinekius
894 3545 934 3609 H.
957 3544 990 3610 O.
1019 3564 1048 3627 p.
1072 3544 1122 3608 43.
1145 3542 1184 3607 cl.
1207 3539 1326 3624 Bergk.

224 3640 245 3704 l.
260 3638 284 3704 sl
300 3638 424 3707 cornus
438 3640 479 3707 H.
493 3641 530 3707 G.
543 3642 559 3707 I
572 3662 602 3725 p.
620 3644 705 3727 342).
728 3645 893 3710 voluerunt
904 3646 985 3710 falsa
1002 3644 1050 3710 illi
1062 3643 1205 3726 opinione
1223 3640 1326 3722 ducti,

225 3760 319 3826 quam
348 3740 457 3806 multis
486 3742 619 3808 insidere
639 3743 738 3823 video,
762 3745 799 3811 de
831 3746 950 3812 duabus
970 3746 1096 3811 tantum
1119 3742 1325 3827 cogitandum

224 3860 289 3908 esse
302 3841 367 3907 eius
380 3843 501 3926 generis
512 3843 641 3928 legibus,
660 3846 829 3930 olympiadi
848 3846 995 3912 LXXXV
1007 3847 1116 3924 altera,
1135 3842 1207 3910 XCI
1221 3843 1327 3909 altera

224 3940 405 4008 tribuendis.
451 3944 557 4025 quales
585 3944 760 4029 frequenter
787 3947 933 4031 repetitas
960 3964 1024 4014 esse
1053 3945 1195 4029 frequens
1217 3942 1325 4008 diver-

224 4060 328 4108 sarum
349 4040 453 4129 legum
475 4046 624 4112 memoria
647 4046 747 4114 dccet.
