2752 4794
664 335 703 398 le

134 517 237 582 vellet.
281 517 315 583 31
326 517 532 582 certissimum
550 518 596 583 est
608 515 890 584 Alexandrinorum
899 518 981 583 illud
992 518 1105 585 31111113
1127 519 1237 585 oriun-

137 619 210 684 dum
232 637 306 698 esse,
329 620 394 684 sive
415 619 452 683 de
475 619 648 684 comoediae
677 619 811 702 quadam
833 619 963 686 historia
985 621 1049 687 sive
1070 620 1109 687 de
1128 640 1239 705 grom-

136 719 323 784 maticorum
345 721 457 785 scholis
480 720 618 803 cogitare
638 722 748 786 mavis.

240 820 312 885 Non
325 822 407 886 idem
424 821 461 886 de
476 823 585 886 ceteris
602 822 777 887 comoediae
795 822 1020 905 prolegomenis
1034 821 1235 889 iudicabitur.

136 918 255 984 duabus
278 921 359 984 enim
381 921 514 985 diximus
544 922 602 986 viis
630 923 852 1004 grammaticos
884 940 1062 1005 progressos
1090 938 1154 987 esse
1183 921 1237 1004 qui

136 1019 210 1084 huic
239 1022 412 1102 quaestioni
440 1022 618 1087 satisfacere
638 1023 806 1088 studerent.
850 1023 978 1089 alterius
998 1023 1131 1105 vestigia
1152 1039 1235 1104 pres·

136 1120 242 1184 simus.
285 1121 385 1186 altera
415 1122 442 1187 ei
463 1124 676 1204 processerunt
706 1142 838 1205 quorum
866 1123 1024 1205 reliquiae,
1055 1141 1116 1188 uno
1151 1122 1236 1187 fonto

136 1219 300 1284 manifeste
328 1221 484 1300 oriundae,
521 1223 555 1287 in
586 1223 810 1305 prolegomenis
838 1223 876 1288 de
897 1241 974 1288 com.
997 1222 1043 1287 IV
1065 1241 1094 1304 p.
1114 1221 1176 1287 XV
1197 1221 1233 1286 D.

137 1320 197 1385 IX*
221 1339 249 1402 p.
261 1321 355 1385 XVII
377 1342 422 1404 sq.
445 1321 585 1404 (Cramer
607 1324 695 1388 AP.
718 1323 847 1406 13sq.)
868 1323 974 1405 IXbp.
987 1323 1104 1404 Xqu
1125 1321 1232 1406 (schol.

137 1422 265 1504 Dionys.
289 1422 362 1486 Thr
385 1442 413 1504 p.
435 1424 506 1502 629,
532 1424 569 1487 18
600 1443 648 1505 ap.
671 1424 800 1489 Bellen.
823 1423 936 1489 1.(11
967 1425 1026 1487 747
1049 1423 1109 1505 sq'.)
1137 1423 1169 1486 et
1190 1420 1232 1488 llb

137 1540 167 1602 p.
189 1521 299 1586 XXIII
314 1522 358 1602 (in
382 1521 482 1586 Tzet‘
457 1542 500 1587 z1s
522 1521 645 1602 στίχοις
667 1547 745 1606 περι
737 1522 927 1611 διαφορᾶς
943 1524 1104 1608 ποιητῶν)
1120 1523 1171 1588 ext
1172 1521 1232 1589 ant.
1275 1550 1277 1577 ε

139 1622 177 1689 31.
202 1623 366 1688 11311131.
390 1642 413 1688 s
437 1627 518 1705 p32
542 1645 586 1707 sq.

246 1725 350 1807 Atque
379 1725 426 1789 illi
456 1745 520 1791 rem
548 1727 593 1791 ita
624 1727 829 1792 instituerunt
856 1729 1100 1811 tcemparais
1130 1728 1231 1811 populi
1275 1724 1277 1731 '

138 1825 276 1890 moribus
298 1844 335 1890 nc
355 1845 410 1890 suo
432 1826 556 1908 quidem
577 1827 714 1909 tempore
730 1828 875 1894 obsoletis
893 1829 1032 1910 expedire
1053 1830 1233 1894 oonarentm

138 1927 192 2007 qui
214 1925 333 1990 factum
357 1927 445 2004 esset,
468 1927 504 1990 ut
524 1928 635 1992 miram
658 1929 756 1992 cuivis
777 1929 980 1994 maledicendi
1003 1929 1163 1994 licentiam
1185 1948 1232 1996 ac

140 2026 277 2108 ciperent
300 2025 409 2090 comici
439 2028 470 2090 et
491 2027 558 2091 tam
587 2027 641 2092 diu
671 2028 854 2093 obtinerent.
898 2048 953 2093 nec
976 2030 1129 2093 noverunt
1150 2028 1233 2094 Atti·

141 2145 247 2191 corum
268 2127 431 2191 historiam
454 2147 532 2208 quae
554 2127 692 2192 Platonii
725 2129 844 2193 auctori
876 2130 1011 2211 patebat,
1041 2122 1233 2195 331133311-

140 2227 228 2290 muni
259 2226 420 2290 hominum
453 2227 578 2308 ingenio
616 2227 814 2310 conligebant
844 2228 1026 2293 iudicabant
1057 2228 1237 2293 narrabant·

140 2345 276 2409 paganos
291 2325 391 2408 igitur
402 2326 511 2390 dicunt
525 2347 543 2392 a
557 2328 675 2392 civibus
687 2329 871 2410 quibusdam
885 2329 966 2393 male
976 2329 1128 2394 tractatos
1143 2329 1234 2393 noctu

140 2427 280 2492 Athenas
311 2427 344 2491 in
376 2427 484 2492 urbem
514 2429 632 2494 venisse
662 2430 766 2511 ibique
797 2429 871 2512 quid
899 2429 981 2511 passi
1003 2429 1103 2495 essent
1123 2448 1235 2513 magno

140 2546 214 2592 voce
225 2527 392 2593 cantitasse
406 2528 455 2592 vel
466 2529 642 2594 nominibus
661 2530 829 2594 nominatis
842 2529 883 2612 (d.
897 2549 975 2595 com.
987 2531 1032 2595 IV
1046 2531 1104 2594 v.5
1123 2550 1153 2612 p.
1161 2529 1235 2596 XVI

140 2628 179 2693 D.
203 2628 255 2692 sed
276 2627 339 2692 Ilib
364 2630 402 2693 21
425 2648 454 2711 p.
470 2629 548 2693 XXI
569 2619 752 2714 ἅνωνυμεί).
793 2631 874 2696 31133
903 2632 1058 2696 audivisse
1088 2631 1144 2697 illa
1173 2651 1236 2698 cos·

140 2747 199 2810 que
221 2729 275 2810 qui
296 2729 426 2794 iniurias
456 2729 681 2794 commisissent
712 2731 875 2810 incusasse,
907 2751 957 2796 333
979 2750 1050 2796 vero
1073 2731 1236 2796 erubuisse.

140 2829 223 2912 quod
245 2849 315 2894 cum
336 2830 540 2896 innotesceret
562 2831 747 2914 civitatique
771 2833 848 2896 utile
868 2832 1033 2911 videretur,
1055 2832 1153 2897 iussos
1176 2849 1238 2896 3333

141 2931 315 2997 cantatores
338 2931 414 2996 istos
430 2931 525 2997 etiam
542 2932 580 2996 de
594 2933 717 2997 theatro
740 2952 796 2998 sua
818 2935 851 2996 in
872 2932 1004 2997 iniustos
1026 2933 1106 2997 cives
1129 2951 1238 3015 oppro-

140 3033 208 3098 bria
223 3033 358 3111 fundere,
381 3033 508 3098 licentia
524 3033 592 3116 lege
608 3052 759 3098 concessa.
804 3034 909 3116 postea
933 3052 1003 3098 vero
1019 3051 1110 3116 aegre
1130 3033 1238 3098 tulisse

141 3135 222 3199 cives
251 3134 349 3198 iustos
381 3135 570 3199 comicorum
598 3135 732 3217 impetus
755 3173 795 3183 -
817 3135 850 3198 in
884 3135 969 3216 peius
999 3135 1079 3199 enim
1110 3153 1237 3216 pronam

140 3255 204 3301 3333
226 3235 356 3300 humani
378 3235 499 3316 generis
529 3236 676 3299 naturam
699 3271 739 3279 —
762 3236 793 3298 et
820 3235 1017 3316 impedivisse
1038 3237 1174 3316 primum
1202 3252 1238 3299 ne

141 3335 254 3417 aperte,
278 3333 386 3399 deinde
415 3353 452 3398 ne
481 3334 538 3399 vel*
557 3335 677 3398 occulte
710 3335 792 3399 31133
819 3335 1009 3400 vellicarent.
1052 3336 1098 3399 ita
1120 3335 1236 3399 factum

141 3455 205 3501 esse
233 3437 269 3499 ut
297 3436 430 3499 veterem
458 3435 648 3499 comoediam
670 3437 820 3520 φανερῶς
841 3436 1039 3500 cavillantem
1068 3437 1173 3519 media
1194 3455 1238 3501 se·

142 3538 287 3619 queretur
308 3531 552 3619 αἰνιγματωδῶς
578 3535 688 3600 ludens
710 3555 839 3618 eamque
860 3555 942 3601 nova
964 3555 1041 3618 quae
1071 3536 1236 3619 peregrinis

141 3637 291 3702 mendicis
314 3636 408 3700 servis
429 3636 628 3700 incumberet.
665 3637 813 3718 antiquae
836 3656 899 3701 esse
914 3636 1155 3719 Aristophanem
1177 3638 1237 3701 llu-

141 3739 276 3821 polidem
292 3735 463 3814 Cratinum,
479 3737 598 3801 mediae
612 3736 786 3816 Platonem,
808 3757 906 3803 novae
920 3738 1135 3803 Menandrum.
1168 3737 1237 3801 inde

142 3838 248 3902 autem
270 3835 352 3919 quod
374 3835 493 3900 mediae
523 3835 655 3901 inlustre
676 3838 848 3920 exemplum
870 3839 1033 3903 Platonem
1055 3839 1171 3904 habent
1192 3840 1237 3903 in-

141 3936 302 4018 tellegitur
325 3954 418 4018 quam
448 3935 562 4000 recenti
584 3936 651 4001 loco
679 3920 729 4001 hio
760 3956 863 4002 rerum
887 3938 1055 4021 explicatus
1082 3939 1237 4021 prodierit.

86 4098 89 4103 .
142 4057 212 4103 eum
227 4025 312 4102 enim
325 4037 378 4120 qui
392 4035 605 4121 Hyperbolum
619 4036 805 4102 Pisandrum
822 4038 1041 4122 Cleophontem
1061 4039 1239 4123 conseripsit

143 4139 424 4204 Alexandrinorum
451 4157 539 4202 nemo
567 4139 634 4203 erat
661 4139 714 4220 qui
742 4141 861 4205 occulte
895 4140 1001 4206 ludere
1026 4141 1238 4207 arbitraretur.
