2752 4794
770 355 790 417 2

229 537 311 622 quod
333 556 435 603 senem
450 472 489 602 ¹se
505 556 568 603 esse
589 555 642 620 per
671 538 772 603 totam
794 537 932 603 fabulam
955 557 1107 622 nusquam
1131 538 1329 621 Dicaeopolis

230 638 357 716 indicat,
391 638 515 702 fabulae
548 637 647 720 igitur
677 656 746 701 cum
773 638 888 703 schoho
911 637 989 703 nihil
1012 639 1136 704 omnino
1159 639 1329 704 convenit?

230 739 337 821 itaquo
359 757 431 802 oum
453 738 559 818 pateat
579 737 642 802 iam
663 757 724 802 non
743 738 845 802 extare
867 738 949 820 quod
970 739 1133 820 respexerit
1151 739 1329 817 scholiasta,

231 838 298 903 lieri
329 859 389 904 non
421 839 522 922 potest
553 837 627 920 quin
650 838 842 903 intercidisse
864 839 1015 920 quaedam
1038 840 1071 903 in
1092 840 1216 905 fabulae
1237 839 1329 905 initio

233 941 437 1005 statuamus¹.
497 972 500 979 ·

332 1038 419 1119 Quod
456 1038 509 1121 qui
543 1037 729 1102 intellexerit
759 1037 960 1121 fabulamque
990 1039 1124 1122 relegere
1155 1040 1331 1104 instituerit

232 1139 419 1203 oblitteratis
452 1137 524 1202 licet
561 1137 700 1202 iacturae
736 1137 875 1220 vestigiis
905 1137 1058 1216 insistens,
1089 1141 1190 1221 priore
1221 1141 1333 1221 opiner

232 1238 367 1320 perlecta
395 1237 518 1302 fabulae
549 1237 637 1318 parte
674 1236 840 1301 mirabitur
870 1238 952 1319 quod
984 1239 1136 1303 monitore
1165 1258 1240 1321 opus
1268 1239 1331 1302 fuit

232 1338 409 1403 scholiasta.

333 1438 451 1519 Nempe
486 1437 693 1519 Amphithcus
730 1437 894 1518 postquam
931 1438 1080 1519 paciferae
1116 1439 1331 1522 Dicaeopolidi

233 1538 365 1602 tradidit
379 1537 541 1619 ampullas,
554 1536 803 1601 Acharncnsium
817 1535 876 1600 sibi
893 1535 1010 1618 lapides
1026 1538 1150 1602 timenti
1165 1539 1331 1622 aufugien-

233 1640 306 1704 dum
330 1657 395 1703 esse
413 1638 499 1702 dicit.
552 1655 637 1702 senas
659 1637 741 1701 enim
765 1636 977 1701 thamenses
997 1656 1104 1719 pacem
1128 1639 1161 1702 in
1183 1639 1332 1720 ampullis

234 1740 376 1805 odoratos
407 1737 572 1803 iracundos
601 1737 790 1802 concurrisse
814 1737 993 1820 malumque
1022 1741 1172 1822 gestaturi
1194 1742 1332 1805 miratos

233 1840 360 1922 pedibus
381 1840 507 1903 instare.
551 1837 596 1902 nil
625 1856 657 1902 se
685 1837 800 1901 morari
829 1837 1041 1903 Achemenses
1061 1839 1254 1922 Dicaeopolis
1285 1843 1333 1905 ait

233 1941 419 2022 domumque
444 1938 627 2022 ingreditur,
653 1937 860 2020 Amphitheus
885 1939 1032 2003 tutiorem
1056 1939 1202 2022 fugiendo
1226 1941 1331 2006 locum

235 2040 366 2124 quaerit.
411 2038 580 2104 adveniunt
602 2037 815 2102 Acharnenses
836 2038 1075 2121 clamitantque:

233 2142 295 2206 204
317 2139 394 2228 τῇδε
409 2141 476 2215 πᾶς
497 2133 581 2202 ἕπου
603 2135 701 2202 δίωκε
723 2132 864 2201 καὶτὸν
886 2126 1014 2220 ἄνδρα
1035 2133 1206 2204 πυνθάνου

275 2245 342 2308 τῶν
363 2236 551 2324 ὁδοιπόρων
572 2235 738 2306 ἁπάντων·
759 2241 798 2326 τῇ
817 2233 913 2304 πόλει
934 2234 995 2323 γυέρ
1017 2229 1108 2321 ὂῖξιυν

275 2343 444 2425 ξυλλαβεῖν
466 2337 535 2407 τὸν
563 2331 688 2425 ἄνδρα
709 2343 863 2405 τοῦτον·
888 2331 969 2404 ἀλλά
989 2364 1047 2424 μοι
1067 2336 1242 2427 μηνύσατε,

274 2434 1332 2528 ot'ugoio'duouoe'zpomorngovdgonovcegaequanti.

234 2547 271 2612 cf.
295 2547 357 2610 234
379 2565 424 2628 sq.
446 2563 622 2628 egressurus
644 2543 734 2608 domo
757 2543 952 2626 Dicaeopolis
969 2544 1085 2627 linguis
1115 2544 1212 2610 faveri
1234 2544 1333 2610 iubet.

229 2647 315 2729 'quod
338 2645 549 2711 auscultantes
571 2663 656 2709 senes
678 2644 840 2709 susurrant

330 2747 391 2809 239
414 2746 488 2827 σῖγα
511 2743 584 2821 πᾶς.
604 2733 761 2826 ἠκούσατ’
783 2732 897 2825 ἄνδρες
918 2729 981 2826 ἆρα
1001 2745 1061 2828 τῆς
1081 2735 1256 2831 εὐφημίας

233 2846 304 2912 dein
325 2864 483 2929 egressum
502 2846 682 2927 conspicati,
706 2864 766 2928 quo
787 2845 898 2910 merito
921 2846 1134 2929 obstupescas:

434 2930 553 3022 οὗτος
574 2935 696 3022 αὐτός
717 2944 826 3010 ἔστιν
847 2937 894 3010 ὃν
924 2946 1130 3032 ζητοῦμεν.

232 3047 333 3113 hicine
353 3048 400 3112 est
422 3067 512 3130 quem
543 3047 784 3130 quaesiverunt?
823 3049 858 3113 at
888 3049 968 3114 nihil
995 3050 1120 3115 omnino
1151 3050 1266 3115 norunt
1293 3051 1335 3116 de

233 3147 449 3229 Dicaeopolide
480 3149 564 3230 pacis
597 3148 722 3214 auctore
751 3167 806 3214 noc
838 3148 983 3215 uiderunt
1011 3169 1198 3233 quemquam
1219 3151 1334 3214 similis

232 3249 276 3314 rei
298 3248 472 3313 studiosum
494 3250 616 3330 praeter
638 3249 871 3331 Amphitheum,
895 3269 986 3333 quem
1001 3250 1228 3333 Dicaeopohdis
1243 3252 1333 3316 iussu

233 3369 298 3415 rem
320 3350 418 3432 egisse
437 3349 593 3433 ignorant.
627 3370 701 3416 nam
723 3351 796 3433 quid
810 3348 881 3417 cum
895 3352 1092 3435 Amphithoe,
1112 3352 1194 3435 quod
1206 3352 1332 3435 quidem

233 3450 356 3515 senibus
377 3451 640 3531 spectatoribusve
663 3452 843 3532 innotuerit,
866 3452 1101 3534 Dicaeopolidi?
1132 3453 1210 3517 nihil
1232 3452 1334 3535 igitur

233 3555 267 3617 in
288 3571 323 3616 eo
344 3571 438 3617 sanae
458 3553 589 3617 rationis
612 3555 667 3633 est,
692 3552 1008 3636 quodAmphitheum
1031 3554 1142 3619 sectati
1154 3572 1224 3618 eum
1239 3573 1333 3635 quom

232 3653 343 3717 sectati
363 3653 687 3736 sintDioaeopolidem
704 3673 768 3719 esse
784 3654 874 3719 aiunt
887 3654 978 3718 modo
999 3654 1089 3718 modo
1112 3653 1238 3718 aedibus
1259 3672 1333 3734 pro·

233 3770 384 3834 gressum.

335 3851 467 3918 Omnino
490 3855 629 3936 quemvis
655 3855 751 3920 semel
781 3856 934 3920 monitum
956 3875 1117 3921 sensurum
1139 3856 1214 3937 puto
1235 3872 1333 3936 quam

335 4103 345 4134 ¹
365 4099 406 4155 Ol.
424 4100 540 4155 Beerius
563 4099 598 4154 de
621 4103 748 4154 actorum
765 4098 839 4169 apud
858 4098 1001 4170 Aristoph.
1021 4099 1143 4154 numeris
1161 4114 1188 4167 p.
1204 4098 1246 4151 55.
1266 4098 1333 4153 Rib

235 4187 348 4244 bechion
368 4188 410 4244 ed.
431 4206 456 4258 p.
465 4190 525 4243 210.
548 4183 581 4241 h.
600 4186 720 4242 Mueller
738 4187 781 4242 ed.
800 4186 835 4242 ad
854 4205 878 4242 v.
897 4189 959 4242 244.
