2752 4794
140 629 323 712 ὑποθέσεις
347 634 407 718 μὲν
435 637 494 722 γὰρ
517 642 576 724 τῆς
597 663 659 704 πα·
718 628 1238 726 τῆςὶσηγορίαςσῦνπᾶσινὺπαρ·

140 734 232 811 λαιᾶς
253 734 426 820 κωμῳδίας
448 724 528 826 ἦσαν
556 725 659 805 αὗται·
718 735 837 826 χούσης
868 730 979 805 ἔδεισεν
1013 736 1043 806 οἱ
1081 738 1139 820 τὰς
1177 767 1238 807 κω-

139 829 177 899 σό
190 839 382 919 στρατηγοῖς
392 834 538 921 ἐπιτιμᾶν
550 841 603 905 καὶ
614 841 659 906 δι·
718 837 843 924 μῳόίας
882 837 1120 930 συγγράφοντες
1150 834 1239 924 εἶχον

140 939 274 1014 κασταῖς
292 928 350 1000 οὐκ
371 929 485 1020 ὀρθῶς
495 935 660 1023 δικάζουσι
719 933 884 1005 σκώπτειν
905 945 957 1005 καῖ
971 939 1169 1029 σιρατηγσύς
1184 943 1238 1008 καὶ

139 1036 193 1101 καὶ
202 1032 349 1122 χρήματα
359 1037 566 1124 συλλέγουσιν
581 1041 618 1123 ἐξ
626 1035 660 1104 ἄ·
720 1033 872 1116 δικαστὰς
903 1037 985 1120 τούς
1016 1047 1123 1122 κακῶς
1153 1039 1238 1109 δικά·

139 1137 244 1214 deniae
253 1137 320 1201 τισὶ
331 1136 384 1202 καὶ
397 1135 568 1225 μοχθηρόν
583 1139 659 1205 ἐπα·
721 1140 833 1221 ζοντας
846 1140 899 1205 καὶ
913 1144 980 1207 τῶν
994 1144 1140 1209 πσλιτῶν
1150 1167 1239 1222 τινας

142 1233 332 1323 νῃρημένσις
352 1237 435 1318 βίον.
720 1234 989 1328 ἢ-φιλαργύρους
1020 1239 1043 1331 ἢ
1074 1245 1238 1327 συζῶντας

719 1333 878 1430 ἀσελγείᾳ.

139 1438 216 1504 adeo
238 1439 319 1503 enim
342 1439 463 1504 nullum
492 1441 645 1506 caecutire
667 1442 757 1508 eredo
779 1445 815 1507 ut
846 1463 907 1510 nan
937 1445 1042 1511 videat
1070 1447 1238 1529 utrumque

139 1538 242 1603 leeum
260 1545 298 1604 'ex
310 1558 372 1605 una
385 1540 551 1623 eodemque
571 1541 657 1606 fante
674 1541 804 1609 fluxisse.
848 1564 920 1610 nam
942 1546 1033 1627 plane
1054 1546 1160 1611 eadem
1181 1547 1238 1612 he·

139 1640 259 1703 minum
281 1659 395 1724 genera
425 1642 458 1705 in
484 1641 615 1724 utreque
639 1644 839 1709 nominantur
859 1646 960 1710 verbis
989 1646 1166 1729 significata
1190 1646 1238 1711 di·

140 1740 248 1804 versis:
271 1740 372 1820 duces,
388 1742 515 1821 indices,
537 1743 625 1807 avari
648 1744 687 1820 et,
710 1763 839 1827 quorum
862 1746 896 1809 iu
907 1747 1024 1812 talibus
1037 1766 1099 1810 nnn
1122 1767 1237 1831 magna

138 1840 321 1920 differentia,
343 1835 707 1927 μοχθηροί-ἀσελγεῖς.
735 1865 817 1912 nunc
838 1866 899 1911 une
920 1848 1032 1914 obtutu
1053 1849 1140 1930 patet
1162 1850 1236 1931 quid

140 1941 178 2004 de
200 1942 344 2008 universe
365 1944 505 2010 tractatu
527 1945 728 2010 iudicandum
753 1948 803 2012 eit.
847 1950 954 2032 agitur
975 1951 1056 2014 enini
1080 1968 1108 2015 v.
1135 1951 1236 2016 1-58

225 2043 264 2108 de
284 2045 436 2110 veteris
457 2045 684 2113 comoediae
704 2050 954 2132 argumentis

227 2143 265 2208 de
284 2144 404 2210 ehora'
411 2146 493 2229 giis

222 2244 260 2309 de
282 2245 460 2310 eantieis

222 2344 260 2410 de
282 2347 711 2428 argumentismutatie

120 2445 124 2453 ’
279 2447 408 2512 adiectis
431 2448 715 2516 Aeolusieonis
739 2452 770 2517 et
795 2451 971 2516 Ulirium
995 2452 1139 2534 exemplis

222 2547 259 2612 eie
282 2550 478 2631 parabant,

137 2651 170 2714 iu
192 2669 242 2714 vv.
265 2651 389 2714 58-78

224 2749 261 2814 de
279 2752 431 2817 veteris
453 2753 680 2819 comoediae
702 2752 962 2838 argumentis.

281 2850 314 2914 in
336 2851 379 2916 eis
400 2853 572 2918 memorata
594 2853 625 2918 et
647 2854 840 2937 choragia

587 2954 620 3019 et
644 2953 805 3020 eantiea

591 3055 622 3118 et
643 3055 859 3137 parabasie

279 3158 310 3220 et
332 3155 659 3238 argumentorum
688 3155 876 3235 mutatio,
907 3154 1027 3219 adiecto
1057 3153 1233 3218 Uiirium

138 3255 284 3338 exemplu.
690 3258 691 3261 ’

220 3356 287 3421 Hes
302 3355 484 3421 eonferenda
497 3355 613 3420 indices
628 3355 748 3420 videbis
762 3374 837 3419 num
850 3355 926 3420 haec
946 3355 1089 3419 inunum
1105 3355 1235 3438 conglu-

137 3443 232 3522 tinari
244 3456 422 3521 meruerint.
445 3453 618 3519 luculenter
632 3456 714 3519 enim
727 3454 870 3534 efficitur,
883 3474 932 3521 vv.
949 3456 1050 3519 1--158
1067 3457 1098 3519 et
1109 3456 1234 3519 58—78

137 3557 228 3621 unius
256 3555 453 3638 eiusdemque
481 3555 519 3619 de
548 3555 722 3620 comoediae
752 3555 915 3639 generibus
936 3557 1090 3620 tractatus
1112 3555 1234 3638 eelogae

136 3649 240 3723 essee
268 3656 397 3723 diversis
431 3655 595 3720 coniectas.
640 3655 673 3719 in
705 3655 817 3737 quibus
850 3655 931 3738 qued
961 3655 1054 3720 habet
1081 3653 1233 3736 quaedam

66 3751 69 3755 ’
136 3758 235 3824 altera
269 3776 348 3840 quae
380 3756 471 3822 alteri
501 3755 613 3821 denunt
642 3775 703 3820 nun
731 3757 778 3820 eet
801 3755 882 3838 quod
904 3755 1035 3820 mireris.
1081 3756 1234 3838 quemodo

136 3860 240 3925 autern
270 3857 433 3939 exemplar,
462 3856 500 3921 de
521 3876 582 3940 quo
606 3857 773 3959 utrumque
799 3857 974 3939 excerptum
995 3855 1126 3935 fluxerit,
1149 3875 1234 3922 eorn-

136 3960 281 4043 paratum
310 3957 405 4022 fuerit
426 3956 497 4022 inde
522 3957 654 4022 maxime
675 3958 813 4040 apparet,
843 3956 924 4039 quod
946 3957 977 4022 et
999 3955 1233 4022 Aeeloeieonem

136 4061 168 4124 et
189 4057 294 4124 Ulixes
320 4060 353 4122 in
382 4077 417 4123 eo
444 4059 596 4141 eopiosius
624 4059 778 4123 traetetae
798 4056 893 4122 fuisse
914 4058 1063 4122 uidemus.
1108 4059 1232 4122 omnino

136 4161 240 4226 autem
258 4179 351 4243 quam
374 4161 441 4225 fuse
463 4159 529 4225 illie
550 4160 744 4244 disputatum
765 4160 859 4225 fuerit
873 4180 889 4224 e
903 4159 1138 4242 repetitionibus
1160 4177 1233 4223 enu-

594 2200 721 2265 remotis
