2752 4794
666 357 708 422 40

143 544 244 610 nenda
265 543 326 608 duo
348 543 435 607 sunt:
457 540 592 624 primum
613 559 703 623 saepe
728 542 829 624 legem
850 542 938 607 illam
970 542 1123 607 oblivione
1145 542 1242 606 chru-

142 647 208 711 tam
231 645 334 723 luisse,
377 643 487 709 deindo
500 643 604 731 notiam
626 642 750 725 vigente
770 643 839 726 lege
860 643 988 708 minimo
1009 642 1242 708 abhorruissea

142 745 330 810 comicorum
347 742 459 808 animis
477 743 512 805 ut
534 740 621 805 facili
639 742 791 823 celerique
815 742 883 806 icco
913 761 949 806 ea
971 743 1114 808 accurate
1136 743 1243 806 obser·

142 843 245 909 nanda
266 842 506 925 supersederent.
548 859 603 905 nec
626 839 748 905 videtur
763 841 998 906 Atheniensium
1021 842 1185 924 quisquam
1206 841 1241 906 in

140 943 258 1008 talibus
280 928 567 1019 offendisse‚'immo
590 941 746 1005 communi
768 941 883 1024 gaudio
905 943 937 1006 11
957 942 1005 1006 111
1025 941 1242 1024 restingueba-

140 1044 193 1108 tur
214 1044 246 1106 11
265 1040 408 1106 tristitia.
440 1039 484 1103 sic
503 1040 612 1121 sponte
632 1040 659 1103 si
681 1039 755 1121 quid
776 1041 911 1105 severius
934 1041 1139 1106 constitutum
1161 1040 1242 1106 esset
1274 1057 1277 1064 ·

139 1143 210 1208 tolli
232 1143 374 1225 coeptum
396 1159 452 1206 nec
472 1140 584 1205 violari
605 1140 653 1204 111
674 1139 837 1206 videbatur
857 1141 916 1206 nisi
938 1161 1053 1224 magna
1075 1142 1107 1206 11
1128 1141 1241 1206 acerba

140 1241 399 1311 contumeliarum
422 1241 519 1323 copia.
563 1240 608 1304 sic
638 1240 756 1306 factum
778 1242 876 1322 etiam¹
900 1243 947 1307 cst
969 1243 1005 1306 ut
1027 1241 1241 1320 Alexandnnn,

141 1363 159 1410 a
182 1361 314 1426 quorum
335 1341 475 1424 reliquiis
495 1340 669 1405 tractandis
696 1341 937 1424 disputationem
958 1342 1183 1420 incohavimus,
1204 1360 1241 1406 cx

139 1444 237 1527 ipsius
259 1440 424 1507 comoediis
446 1440 621 1505 comoediae
642 1440 803 1506 historiam
826 1442 1009 1526 refingentes
1031 1442 1068 1508 de
1089 1441 1241 1507 eiusmodi

139 1543 261 1628 legibus
279 1541 499 1608 commenticia
520 1540 666 1624 pleraque
687 1543 853 1607 memoriae
874 1542 1040 1607 traderent.

193 1712 196 1718 ,
239 1642 437 1724 Inspioicnda
458 1641 558 1724 igitur
579 1658 641 1706 una
662 1643 709 1706 est
730 1660 825 1725 quam
846 1643 970 1726 vigente
991 1645 1060 1727 lege
1080 1642 1160 1724 περὶ
1181 1645 1241 1707 τοῦ

138 1737 184 1829 μὴ
207 1742 380 1827 κωμῳδεῖν
401 1731 559 1823 ὀνομαστί
580 1743 682 1806 actam
706 1760 770 1806 esse
791 1743 914 1820 scimus,
935 1743 1027 1809 Aves.
1070 1761 1241 1825 perpenses

139 1844 225 1909 illius
247 1844 321 1908 anni
344 1842 396 1924 (ol.
412 1843 462 1922 91,
479 1842 512 1924 2)
535 1843 740 1924 magistratus
762 1843 913 1921 novimus,
936 1844 1057 1926 praeter
1072 1841 1240 1908 Chabriam

139 1943 319 2012 eminentem
349 1943 440 2007 duces
473 1942 668 2008 Alcibiadem
697 1942 752 2006 iilo
780 1944 918 2025 tempore
954 1944 1017 2008 iam
1043 1943 1239 2020 damnatum,

139 2045 274 2123 Niciam,
297 2044 497 2121 Lamachum,
520 2042 574 2125 qui
596 2042 623 2106 si
645 2044 709 2107 iam
730 2043 798 2106 tum
821 2043 982 2122 ceciderat,
1001 2042 1133 2106 Athenis
1155 2061 1240 2106 mors

140 2145 277 2210 nondum
307 2143 445 2208 innotuit
472 2142 583 2224 (Thuc.
611 2143 666 2220 VI,
692 2143 776 2226 101).
821 2144 899 2208 nihil
930 2144 1035 2209 autem
1062 2141 1240 2208 offensionis

138 2246 171 2310 in
188 2263 224 2310 11
238 2244 319 2310 inest
333 2243 416 2327 quod
431 2263 460 2307 1.
476 2245 538 2307 363
553 2242 692 2308 modesta
706 2243 823 2308 montio
837 2243 947 2308 Niciae
961 2243 993 2308 11
1007 2243 1099 2325 quasi
1113 2242 1240 2307 honori-

138 2345 207 2410 fica
220 2345 391 2411 invenitur:

223 2446 251 2524 ὦ
270 2452 448 2546 σοφώτατ’,
472 2445 509 2524 sd
529 2453 588 2544 γὰρ
612 2443 707 2544 ηὗρες
730 2458 902 2524 τοῦτοκαὶ
923 2460 1151 2544 στρατηγικῶς.

222 2555 484 2646 ὑπερακοντίζεις
504 2555 544 2626 οὐ
565 2561 592 2644 χ’
616 2549 678 2646 ἤδη
702 2557 816 2624 Νικίαν
840 2563 912 2637 ταῖς
933 2563 1099 2644 μηχαναῖς,

140 2687 179 2753 cf.
202 2687 317 2771 Phryn.
340 2687 474 2752 Mcnctr.
497 2687 612 2752 11117.
1064 2773 1069 2779 Ἰ

243 2806 299 2853 111
311 2787 412 2871 magis
427 2787 556 2852 offendit
570 2787 652 2870 qnod
667 2807 695 2852 v.
711 2787 772 2851 650
787 2786 826 2851 ad
849 2787 912 2851 eius
935 2806 1046 2852 nomen
1067 2787 1239 2854 alluditur:

478 2902 554 2978 odda*
574 2912 787 2995 μελλονικιᾶν.

135 3032 271 3098 eiusdem
294 3031 415 3115 generis
436 3031 510 3096 sunt
532 3050 611 3113 quae
632 3030 670 3096 do
692 3031 854 3112 Diitrephe
878 3031 938 3094 798
962 3049 1023 3112 sq.:

237 3141 282 3226 ὡς
301 3145 478 3234 Διῖτρέφης
499 3168 534 3232 χε
558 3149 713 3211 πυτιναῖα
741 3140 843 3229 μόνον
872 3141 957 3226 ἔχων
988 3140 1094 3228 πτερὰ

238 3241 345 3338 ᾑρέθη
367 3241 540 3334 φύλαρχος,
560 3238 626 3312 εἶθ’
647 3247 824 3330 ἵππαρχος,
840 3237 898 3310 εἶτ’
915 3244 952 3327 ἐξ
970 3237 1102 3323 οὐδενὸς

235 3344 357 3435 μεγάλα
369 3342 508 3432 πράττει
528 3338 624 3414 adoni
646 3346 716 3412 νυνὶ
740 3342 865 3429 §noddo
887 3340 1146 3431 ἱππαλεκτρυών.

139 3468 170 3532 11
194 3467 452 3544 1440111111111,
480 3467 633 3549 siquidem
660 3467 835 3549 Diitrephcs
862 3468 894 3531 in
914 3467 1158 3550 magistratuum
1180 3484 1238 3529 nu-

137 3586 221 3632 mero
243 3567 443 3634 recensendus
474 3569 529 3632 est.
574 3587 608 3633 ex
637 3567 845 3651 Aristophane
876 3569 957 3633 enim
989 3559 1068 3630 nihil
1096 3566 1237 3650 conligas

136 3667 196 3732 nisi
218 3667 408 3751 praefectum
441 3687 511 3732 eum
543 3667 638 3734 tuisse
669 3669 809 3752 equitum
841 3669 872 3733 11
899 3669 977 3732 tunc
997 3685 1145 3751 magnam
1173 3666 1237 3731 eius

112 3785 201 3832 -essc
221 3766 303 3831 inter
333 3767 458 3833 iuvenes
490 3767 608 3832 nobiles
640 3767 869 3833 auctoritatem.
924 3768 1037 3832 scimus
1059 3766 1164 3831 autem
1186 3783 1234 3830 ss-

137 3865 244 3948 quenti
266 3885 347 3932 anno
371 3868 399 3932 ei
421 3867 576 3933 Thracum
589 3867 706 3933 auxilia
726 3867 759 3930 in
774 3868 910 3950 patriam
921 3866 1094 3957 reducenda
1115 3865 1235 3933 tradita

134 3985 199 4031 osse
211 3965 309 4035 Thuc.
319 3967 391 4045 VH,
403 3969 452 4032 29.
485 3968 644 4050 practerea
667 3967 774 4033 eadem
794 3968 913 4033 aestate
935 3967 1022 4048 (414)
1045 3965 1237 4049 compertum

136 4067 183 4131 cst
204 4066 442 4132 Atheniensium
467 4068 560 4133 ducos
586 4068 681 4132 fuisse
708 4067 922 4151 Pythodorum
950 4067 1151 4150 Laespodiam
1173 4068 1236 4134 De·

134 4167 292 4235 maratum
306 4165 417 4250 (Thuo.
432 4170 486 4250 VI,
505 4170 585 4250 105),
605 4170 658 4236 sod
677 4168 749 4236 XCI
764 4169 948 4254 olympiadis
970 4170 1076 4237 utrum
1097 4168 1233 4254 secundo
