2752 4794
676 314 694 378 7

134 499 224 564 tanes
240 496 319 563 nihil
330 497 545 580 impetraverit
569 535 603 543 -
628 479 776 564 nimir'um
797 498 850 580 qui
863 498 1080 567 drachmarum
1098 499 1230 566 nimium

135 598 284 682 petiverit
307 634 355 680 -‚
376 599 409 662 in
435 599 576 664 contione
608 599 726 682 origine
754 599 934 681 praeclara¹
963 599 1125 683 gloriatus,
1152 601 1231 665 nutu

134 699 277 784 prytanis
298 699 352 781 qui
372 699 465 780 probe
486 698 577 763 illurn
597 698 685 765 novit
709 699 894 764 removetur.
938 701 1013 764 tunc
1042 719 1112 764 vero
1134 699 1231 784 legati

133 801 279 867 aPersis
300 800 420 865 reducis
449 800 622 883 petulantie
651 799 879 882 mendaciisque
912 800 1061 866 incitatus
1082 800 1228 884 gravissi·

134 921 224 967 mum
251 900 445 983 Dicaeopolis
469 901 632 966 consilium
656 901 749 983 oepit,
782 901 818 965 ut
838 900 904 983 ipse
926 901 1150 983 Amphitheum
1171 902 1231 968 La-

134 1003 321 1069 cedaemona
352 1003 461 1068 mittat
485 1021 652 1086 pacemque
673 1002 797 1068 sibimet
822 1003 882 1086 ipsi
915 1002 1114 1085 familiaeque
1134 1022 1190 1085 par
1206 1003 1229 1067 t.

136 1104 257 1168 clamat
277 1103 391 1187 igitur:

377 1193 447 1269 dtu
471 1192 667 1289 Ἀμφίθεός
687 1227 759 1286 μοι
779 1206 846 1269 τιοῦ
867 1195 963 1280 ’στιν;

136 1306 220 1389 quod
254 1306 284 1370 et
315 1306 416 1388 ipsum
445 1304 701 1370 necessitudinem
731 1306 807 1372 satis
837 1305 1017 1389 comprobat
1037 1323 1130 1388 quam
1152 1304 1233 1369 inter

136 1408 304 1488 utrumque
326 1405 514 1470 intercedere
536 1405 731 1472 eonieoimus.
785 1424 840 1471 nec
867 1406 970 1471 minus
993 1404 1074 1488 quod
1096 1405 1158 1469 cito
1180 1423 1232 1469 ac·

136 1527 262 1573 currens
283 1508 337 1572 illc
357 1507 520 1590 respondet

475 1672 479 1685 ,
557 1600 670 1672 οὑτοσὶ
691 1600 791 1690 πάρα.

137 1727 226 1775 servo
248 1709 346 1792 igitur
366 1709 484 1774 sollerti
505 1726 573 1774 erus
600 1709 668 1773 octo
692 1706 1232 1790 drachmastradit-pauxillulum

137 1810 257 1875 scilieet
285 1827 482 1874 nummorum
506 1843 543 1854 -
568 1808 817 1891 brevissimisque
844 1827 915 1873 eum
941 1808 1041 1874 verbis
1070 1807 1232 1872 consilium

138 1909 245 1992 exequi
266 1909 360 1974 iubet.

152 2029 163 2057 ·
237 2010 363 2075 Finitur
389 2009 526 2075 eeclesia.
557 2009 764 2092 Amphitheus
792 2009 887 2076 redux
917 2010 956 2075 ab
982 2007 1233 2074 Acharnensibus

138 2102 329 2192 conspicitur
349 2146 389 2155 -
412 2111 560 2176 nimirum
571 2128 678 2176 rumor
697 2112 760 2177 iam
784 2109 953 2193 dissipatus
977 2109 1234 2190 eratDicaeopo-

137 2212 210 2277 lidie
223 2214 368 2276 servum²
390 2211 534 2293 Spartam
548 2212 698 2296 migrasse
719 2212 799 2277 uude
820 2231 926 2294 pacem
946 2209 1079 2277 adferret
1093 2245 1142 2285 --,
1156 2226 1233 2291 quos

137 2312 220 2395 fugit
242 2330 349 2394 pacem
372 2311 516 2377 odoratos
539 2312 727 2395 pedibusque
747 2313 909 2378 instantes.
945 2311 1016 2376 dein
1031 2309 1158 2376 traditis
1175 2308 1232 2404 Di·

136 2533 290 2606 quidquem
309 2535 384 2607 quod
402 2535 586 2606 disputationi
605 2541 717 2592 nostrae
735 2535 906 2592 adversetur.
944 2535 1003 2591 dies
1023 2535 1079 2590 iam
1097 2534 1234 2604 prooessit

138 2624 175 2694 (v.
194 2624 251 2692 40),
270 2641 325 2694 quo
343 2625 481 2680 matutino
500 2625 573 2680 actio
592 2624 723 2681 incohat-a
740 2641 803 2703 eosq
815 2623 981 2695 fingebatur.

240 2713 248 2745 ¹
269 2711 329 2780 Qua
348 2711 455 2784 origine
472 2712 564 2768 iocose
592 2712 779 2783 praedicanda
805 2713 899 2767 neseio
918 2729 954 2767 an
970 2713 1123 2782 tangantur
1141 2709 1167 2765 ei
1185 2710 1234 2779 qui

136 2800 174 2856 ad
197 2795 320 2871 κηρύκων
348 2804 429 2870 γένος
458 2800 663 2870 pertinuerunt.
706 2799 740 2856 cf.
767 2817 837 2871 quse
861 2799 961 2854 Callias
985 2797 1135 2869 Hipponici
1159 2796 1234 2852 filius

136 2890 263 2960 loquitur
274 2889 344 2944 Xen.
355 2889 425 2944 Heli.
440 2889 478 2944 vl
490 2892 515 2957 3,
525 2891 555 2944 4:
573 2883 594 2944 oi
611 2883 708 2959 ἄνδρες
717 2882 942 2960 Λακεδαιμόνιοι,
956 2884 1004 2955 τὴν
1016 2888 1071 2959 μὲν
1087 2889 1233 2959 προξενίαν

135 2978 215 3050 ὑμῶν
232 2973 280 3032 οὐκ
298 2976 352 3048 ἐγώ
370 2971 465 3048 μόνος,
484 2973 551 3031 ἀλλὰ
569 2981 617 3031 καὶ
625 2973 728 3050 πατρὸς
737 2975 826 3048 πατὴρ
843 2970 973 3049 πατρῴαν
991 2974 1064 3048 ἔχων
1081 2975 1232 3045 παρεδίδου

136 3068 175 3137 τῷ
198 3070 274 3135 γένει
295 3064 349 3119 κτὲ.
373 3094 405 3104 -
430 3060 497 3119 ὅταν
515 3064 546 3118 δὲ
570 3061 684 3136 ἡσυχίας
700 3059 867 3139 ἐπιθυμήσῃ,
883 3059 1075 3143 Ιεἰρηνοποιοὺς
1098 3060 1170 3136 ἡμᾶς
1191 3063 1234 3117 ἔτι·

137 3157 253 3226 πέμπει.
290 3148 367 3222 κάγὼ
384 3147 510 3224 πρόσθεν
527 3153 569 3213 δὶς
587 3146 639 3220 ἤδη
657 3143 745 3221 ἦλθον
768 3157 832 3223 περὶ
849 3153 973 3224 πολέμου
994 3143 1164 3210 καταλύσεως
1186 3151 1233 3202 καὶ

139 3243 171 3297 ἐν
188 3239 360 3314 ἀμφοτέραις
375 3247 434 3301 ταῖς
452 3246 608 3312 πρεσβείαις
627 3233 814 3312 διεπραξάμην
822 3244 868 3294 καί
886 3238 953 3312 ἡμῖν
970 3242 1016 3295 καὶ
1033 3235 1100 3311 ὑμῖν
1117 3230 1233 3309 εἰρήνην.

138 3329 174 3386 cl'.
200 3331 249 3398 §6
276 3359 307 3369 -
336 3323 524 3402 Τριπτόλεμος
545 3327 561 3384 ὁ
586 3328 715 3403 ἡμέτερος
737 3323 874 3400 πρόγονος
896 3329 949 3383 aad.
992 3326 1028 3383 de
1053 3326 1180 3398 Laugona
1204 3330 1234 3380 et
1317 3373 1326 3388 ,

140 3416 288 3473 Andocide
309 3417 343 3472 of.
362 3416 411 3472 vit.
430 3416 537 3475 Andoc.
555 3416 576 3473 1.
595 3435 623 3488 p.
641 3419 693 3472 237
711 3415 858 3473 Westerm.

241 3506 252 3539 ²
269 3505 363 3561 Possit
379 3504 524 3576 quispiam,
541 3508 574 3559 ut
591 3504 696 3561 laetum
715 3507 768 3569 est,
795 3503 933 3576 suspicari
949 3500 1176 3574 Dicaeopolidem
1193 3499 1233 3571 ip·

138 3613 202 3651 sum
224 3593 432 3651 Acharnensem
461 3593 555 3658 luisse,
584 3593 662 3649 nisus
688 3610 744 3648 non
767 3595 824 3648 tam
852 3610 895 3648 vv.
920 3595 962 3649 33.
987 3593 1047 3647 230.
1071 3591 1122 3645 891
1151 3605 1233 3660 quarn

135 3682 244 3739 scholio
263 3682 298 3738 34
324 3677 366 3751 (ὃς
384 3675 555 3737 οὐδεπώποτ’
581 3680 669 3752 είπεν)
701 3673 841 3753 ἄνθρακας
863 3680 945 3751 πρίω]
978 3680 1055 3735 τοῦτο
1083 3675 1234 3750 Ἀχαρνέων

138 3772 219 3826 ίδιον.
257 3754 329 3824 οὗτοι
357 3769 388 3824 δὲ
411 3761 617 3840 πολοόνθρακες
633 3771 680 3823 καὶ
697 3763 728 3822 οὔ
747 3761 875 3839 δεόμενοι
893 3765 958 3837 παρ’
983 3759 1073 3820 ἄλλων
1090 3769 1234 3836 πρίασθαι.

137 3859 174 3916 cl.
195 3860 230 3915 35
248 3853 351 3928 οὐγὰρ
370 3856 458 3912 ἐδεῖτο
475 3849 611 3929 ἀγοράσαι
629 3856 702 3928 ἔχων
718 3860 800 3910 ersom
822 3871 876 3926 qno
895 3853 991 3909 doceri
1013 3869 1080 3908 sane
1097 3852 1233 3916 videmur.

134 3949 221 4020 plura
248 3963 329 4016 quam
356 3963 407 4001 nos
432 3945 467 4000 de
491 3943 697 4016 Dioseopolidis
725 3958 845 4014 persona
865 3941 1064 4015 grammaticos
1091 3943 1235 4013 comperta

135 4035 275 4093 habuisse.
321 4033 371 4091 ssd
394 4033 526 4106 prohibet
560 4051 586 4090 v.
604 4035 666 4104 406,
695 4049 862 4105 quamquam
888 4048 924 4089 ne
945 4030 992 4086 ills
1023 4027 1135 4102 quidem
1156 4045 1234 4102 prae·

134 4124 235 4182 fracte
