2752 4794
600 341 641 404 33

174 507 388 600 ὡμολόγησαν
407 514 440 581 ἐν
458 516 505 601 τῷ
526 510 618 602 δήμῳ
636 509 695 602 τήν
717 515 892 599 ἐκεχειρίαν
917 507 1000 602 εἶναι
1022 511 1178 584 ἐνιαυτόν»
1247 562 1250 567 «

75 607 183 701 ἄρχειν
209 615 246 683 δὲ
276 610 370 703 τήνδε
391 611 449 702 τήν
477 609 610 701 ἡμέραν,
640 610 779 700 τετράδα
812 614 869 682 ἐπὶ
898 616 976 682 δέκα
1009 620 1068 684 τοῦ
1088 611 1178 683 Ἐλα-

76 717 281 806 φηβολιῶνος
302 711 413 802 μηνός.
557 739 560 744 ·

77 819 111 884 cf.
134 820 255 886 Usener
287 819 385 902 symb.
408 819 484 901 phil.
507 820 607 884 Bonn.
630 839 659 902 p.
683 819 745 883 584
762 818 839 883 adn.
874 819 903 882 6.
948 818 1084 883 certiora
1106 837 1177 884 vero

77 918 239 984 edocemur
259 918 376 982 scholio
397 917 475 982 Ach.
498 919 560 983 378
582 919 615 982 in
638 937 698 1000 quo
721 918 797 982 haec
816 917 984 1002 leguntur:
1194 995 1196 1000 ,

171 1053 213 1064 -
235 1015 289 1082 καί
309 1012 364 1082 διὰ
389 1019 488 1083 τοῦτο
516 1016 687 1103 ὀργισθεὶς
709 1011 727 1082 δ
750 1015 867 1082 Κλέων
888 1011 1056 1101 ἐγράψατο
1078 1008 1177 1083 αὐτὸν

68 1110 202 1196 α’δικίας
226 1114 274 1194 εἰς
296 1111 373 1196 τούς
395 1116 542 1199 πολίτας,
570 1111 615 1197 ὥς
636 1114 683 1194 είς
704 1111 797 1200 ὕβριν
823 1119 883 1183 τοῦ
902 1111 1007 1204 δήμου
1036 1116 1090 1183 καί
1120 1119 1178 1203 τῆς

64 1218 192 1308 βουλῆς
212 1221 314 1283 ταῦτα
334 1212 550 1302 πεποιηκότα.

61 1339 151 1406 quae
174 1338 246 1385 cum
275 1321 375 1403 primo
397 1320 509 1385 obtutu
530 1319 636 1385 futilia
657 1319 822 1384 videantur
845 1354 883 1365 -
907 1318 994 1385 nulla
1016 1321 1098 1384 enim
1129 1319 1176 1384 est

55 1415 181 1511 γραφή
214 1411 340 1498 ἀδικίας
359 1421 484 1485 -tam
517 1420 620 1485 eximii
642 1420 735 1502 pretii
760 1420 833 1484 sunt
853 1420 889 1484 ut
910 1439 1007 1485 unum
1032 1421 1177 1504 quodque

53 1525 202 1593 verbum
214 1541 349 1606 premere
370 1523 472 1588 liceat.
516 1521 641 1604 quodet
662 1521 743 1586 infra
755 1522 895 1603 pluribus
912 1520 1175 1586 demonstrabitur

51 1628 93 1695 et
131 1623 310 1689 luculenter
341 1623 408 1706 ipsa
437 1623 548 1689 rocula
576 1613 722 1686 ἀδικία
751 1622 977 1704 comprobatur.
1025 1621 1175 1687 nimirum

47 1728 130 1794 hoc
155 1722 304 1788 sollemne
336 1723 403 1788 erat
424 1722 489 1786 eius
512 1721 649 1788 criminis
673 1741 784 1787 nomen
806 1721 888 1804 quod
915 1740 969 1804 per
993 1720 1087 1785 festos
1110 1721 1175 1787 dies

45 1824 274 1894 commissum
294 1823 327 1886 in
354 1822 495 1888 contione
516 1841 567 1887 eos
597 1822 702 1887 secuta
725 1820 968 1905 persequendum
990 1821 1058 1886 erat
1068 1823 1087 1884 ¹.
1132 1819 1171 1886 cf.

43 1904 1175 2007 ΗΘΜ.ΧΧΙ,1καίπρούβαλόμηνδδικεῖντοοτονὶπερὶ

46 2021 142 2112 τὴν
168 2016 318 2108 ἑορτήν
349 2024 491 2106 idemque
513 2023 619 2089 cadem
641 2023 679 2088 de
700 2043 733 2089 re
760 2023 778 2105 ἓ
801 2025 830 2088 2.
854 2025 883 2088 9.
908 2024 955 2091 11.
980 2023 1029 2087 19.
1050 2024 1100 2087 20.
1123 2025 1172 2088 23.

47 2130 121 2197 26.
148 2125 201 2191 27.
236 2125 422 2190 28.3o.a1.
454 2125 522 2190 175.
548 2125 618 2200 178.
643 2125 713 2190 180.
736 2126 808 2189 206.
830 2124 901 2188 214.
945 2142 1042 2206 neque
1067 2124 1175 2190 incon·

44 2228 155 2298 sulco
174 2227 207 2291 in
222 2225 472 2291 Acharnensibus
485 2225 707 2308 Aristophanes
723 2226 837 2291 totiens
859 2219 897 2289 τὸ
920 2223 1045 2289 δίκαιον
1066 2225 1100 2289 in
1121 2243 1173 2290 ore

45 2326 187 2395 habet:
213 2326 284 2389 500.
308 2325 368 2388 501
397 2319 458 2408 dyc}
481 2323 517 2388 δὲ
536 2322 618 2404 λέξαι
643 2319 732 2389 δεινὰ
753 2322 812 2406 μὲν
835 2322 943 2389 δίκαια
964 2322 1012 2405 δέ,
1031 2325 1094 2388 645
1118 2319 1172 2390 ὅσ·

45 2448 116 2504 τις
151 2418 419 2509 παρεκινδύνευσ’
453 2421 561 2490 εἰπεῖν
588 2423 622 2489 ἐν
640 2415 832 2510 Ἀθηναίοις
865 2419 912 2489 τὰ
933 2422 1079 2509 δίκαια,
1112 2426 1173 2490 655

48 2524 113 2606 ὦς
141 2518 339 2612 κωμῳδήσει
367 2519 417 2588 τὰ
444 2524 599 2610 δίκαια,
628 2528 688 2592 661
717 2520 838 2611 τὸγὰρ
868 2511 905 2589 εὖ
925 2525 994 2608 μετ’
1018 2523 1098 2608 ἐμοῦ
1119 2524 1174 2590 καί

48 2623 112 2696 τὸ
140 2624 314 2692 δίκαιον
341 2619 507 2709 ξύμμαχον
536 2621 637 2690 ἔσται.
683 2627 716 2691 in
738 2626 854 2692 scholio
875 2627 975 2711 igitur
995 2627 1051 2692 illo
1072 2628 1173 2710 ipsam

53 2725 213 2796 criminis
253 2726 435 2790 memoriam
469 2725 687 2810 adgnoscimus
721 2725 925 2809 Cleonemque
960 2726 1172 2811 intellegimus

52 2832 98 2896 in
123 2827 271 2893 contione
292 2826 347 2891 illa
378 2821 429 2908 (εἰ
436 2849 453 2903 ς
474 2820 568 2902 τούς
588 2824 776 2904 πολίτας
797 2825 906 2910 schol.)
932 2826 1173 2910 Aristophanem

178 3111 188 3142 ¹
206 3108 404 3164 vetustissima
422 3108 547 3163 criminis
568 3111 597 3164 in
617 3126 716 3165 scaena
730 3109 871 3166 commissi
890 3111 1024 3165 memoris
1042 3109 1173 3183 dePhry-

59 3199 157 3258 nicho
174 3197 284 3267 tragico
306 3197 497 3252 sterodoto
515 3197 640 3252 traditur
650 3198 688 3253 VI
707 3200 760 3253 21:
777 3195 925 3266 Ἀθηναῖοι
944 3196 1070 3271 μὲνγὰρ
1088 3201 1172 3268 δῆλον

62 3290 210 3351 ἐποίησαν
227 3280 485 3354 δπεραχθεσθέιπες
502 3285 534 3356 τή
551 3279 676 3350 Μιλήτου
702 3278 788 3338 ἁλώσι
806 3286 838 3358 τῇ
853 3303 881 3338 τε
900 3279 965 3358 ἄλλη
984 3287 1110 3362 πολλαχῇ
1126 3292 1172 3342 καὶ

61 3371 105 3441 δὴ
128 3374 176 3426 καὶ
193 3365 336 3436 ποιήσαντι
360 3376 488 3442 Φρυνίχῳ
514 3371 608 3443 δρᾶμα
631 3366 755 3439 Μιλήτου
782 3367 885 3427 ἅλωσιν
910 3376 955 3426 καλ
979 3367 1117 3433 διδάξαντι
1143 3375 1172 3436 ἐς

62 3452 179 3530 δάκρυά
196 3475 225 3512 τε
244 3458 327 3512 ἔπεσε
339 3454 369 3510 τὸ
385 3463 503 3529 θέητρον
515 3462 560 3512 καὶ
578 3452 771 3530 ἐζημίωσάν
788 3477 849 3530 μιν
869 3457 910 3520 ὠς
927 3455 1172 3532 ἀναμνήσαντα

62 3543 191 3615 οἰκήῖα
205 3541 292 3600 κακὰ
310 3548 441 3618 χιλίησι
456 3546 701 3620 δραχμῇσικαλ
718 3547 1022 3620 ἒπέταξανμηκέτι
1038 3548 1173 3620 μηδένα
1211 3537 1214 3543 ’

60 3639 226 3713 χρᾶσθαι
243 3627 347 3704 τούτῳ
364 3634 409 3703 τη]
428 3629 590 3707 δράματι.

10 3796 12 3801 Ι
173 3721 342 3777 Posterioris
358 3722 493 3791 temperis
506 3740 576 3792 quae
586 3738 799 3777 commemorem
813 3723 868 3777 duc
885 3722 983 3778 habeo:
1002 3723 1171 3794 Hegemonis

10 3818 13 3899 ᾗ
65 3828 189 3871 cauum
206 3815 348 3865 narratam
364 3811 400 3865 ab
411 3811 555 3866 Athenaeo
567 3811 606 3866 lx
624 3830 651 3882 p.
665 3808 743 3866 407¹>
763 3829 844 3880 quam
862 3829 897 3866 ex
915 3813 1042 3868 scaenica
1059 3815 1169 3869 actione

10 3916 12 3951 ÷
66 3906 165 3960 ortam
186 3916 246 3954 esse
264 3901 421 3969 suspicatur
433 3899 553 3954 Bceckh.
572 3917 629 3954 oec.
640 3900 704 3954 Ath.
719 3899 804 3969 1532,
841 3900 954 3970 ecquod
965 3901 1051 3955 etiam
1059 3902 1168 3958 minore

10 3968 12 3991 Ι
66 3990 129 4047 fids
149 3987 265 4057 dignum
283 3992 325 4041 est
344 3987 373 4041 in
391 3987 528 4042 Busiridis
551 3986 637 4043 lsocr.
664 3986 780 4058 hypoth.
799 3988 834 4041 de
856 3987 970 4042 Socrate
992 3994 1103 4044 mortuo
1140 3997 1170 4046 et

64 4075 220 4135 Palamede
247 4074 399 4144 Euripides
426 4079 612 4131 commentum
644 4076 824 4146 (scholiorum
851 4075 983 4130 videlicet
1009 4075 1038 4131 in
1063 4076 1167 4134 Palam.

64 4163 250 4231 frustulum).

954 4253 970 4304 3
