2752 4794
760 299 800 364 10

232 482 304 548 belli
336 482 472 565 pericula
507 483 741 566 impediverant,
778 484 845 566 ipso
880 481 1062 549 Gamelione
1094 482 1201 568 peragi
1231 480 1368 565 lepido·

231 582 370 666 fingitur.
413 602 519 665 reapse
545 586 650 650 autern
671 604 724 667 per
746 585 870 650 fabulae
904 602 1101 669 progressum
1130 582 1365 650 Anthesteria-

231 683 377 751 secuntur
392 687 411 748 ¹.

337 784 429 850 Nunc
450 786 477 850 si
500 785 569 869 quis
592 786 730 867 quaerat,
754 804 814 868 quo
829 785 967 867 tompore
977 783 1171 850 intercidisse
1188 782 1334 848 rideatur·

230 885 354 950 fabulae
386 886 560 963 exordium,
594 886 728 968 primum
762 885 901 950 omnium
933 885 1058 950 scholiis
1092 902 1185 967 supra
1215 882 1327 949 adlatis

230 983 373 1063 efficitur,
404 985 629 1052 Alexandrinos
657 989 687 1051 et
718 987 829 1071 legisse
861 985 940 1049 illud
967 986 998 1049 et
1028 982 1260 1049 commentariis
1281 982 1328 1047 in·

230 1085 386 1150 struxisse.
443 1087 579 1152 extitisse
608 1087 702 1152 etiam
735 1087 858 1152 videtur
886 1086 1018 1150 cumin
1049 1103 1158 1168 eorpus
1190 1083 1325 1167 quodin

230 1185 386 1250 codicibus
407 1187 505 1252 fertur
527 1187 644 1253 scholia
667 1187 878 1271 redigerentur
904 1222 938 1232 -
962 1186 1022 1251 nisi
1043 1185 1218 1251 redactores
1239 1182 1326 1249 valde

231 1286 410 1351 caecutiisse
432 1288 561 1353 statuas.
612 1289 658 1353 ita
679 1288 784 1352 autem
805 1285 997 1352 intercidisse
1020 1285 1153 1364 videtur,
1172 1285 1209 1348 ut
1231 1303 1325 1350 unum

229 1385 328 1450 duove
350 1386 425 1452 folia
446 1387 672 1452 amitterentur.
731 1387 814 1470 quod
845 1406 915 1452 eum
942 1387 1092 1452 facillime
1123 1385 1244 1451 iactum
1265 1403 1326 1451 esse

230 1487 374 1553 videatur
394 1489 421 1553 si
442 1490 576 1572 primum
599 1490 631 1554 in
654 1508 779 1572 corpore
792 1488 969 1560 fabularum
991 1488 1204 1553 Acharuenses
1225 1486 1327 1551 locum

228 1588 372 1667 tenuerit,
395 1590 501 1654 utrum
524 1591 659 1654 tenuerit
686 1608 779 1654 neone
811 1588 913 1654 nescio
941 1607 1016 1653 uum
1043 1589 1120 1653 satis
1142 1587 1226 1653 certo
1247 1586 1327 1653 effici
1366 1636 1368 1645 .

230 1687 336 1768 possit.
368 1690 488 1753 namsi
510 1691 657 1772 temporis
679 1691 712 1754 in
723 1689 920 1772 disponendis
931 1687 1150 1770 Aristophanis
1162 1686 1327 1752 comoediis
1366 1720 1368 1725 ·

229 1785 368 1851 ordinem
388 1789 593 1871 sequebantur
617 1790 670 1872 qui
686 1789 891 1855 bibliothecae
906 1787 1134 1854 Alexandrinae
1155 1787 1327 1870 praeerant

229 1886 441 1953 Acharnenses
461 1889 683 1956 antecedebant
705 1889 859 1972 Epulones
889 1889 920 1953 et
942 1888 1109 1972 Babylonii
1137 1888 1177 1966 ot,
1206 1887 1243 1952 de
1267 1906 1325 1971 qua

229 1988 335 2052 tamen
365 2007 514 2071 perquam
543 1989 637 2055 dubia
663 2008 711 2054 res
743 1991 798 2068 est,
829 1987 1001 2054 Centaurus
1032 1987 1084 2070 (cf.
1106 1987 1326 2056 Wilamcwita.

229 2088 292 2152 obs.
325 2087 393 2153 crit.
426 2108 454 2171 p.
484 2088 547 2171 14).
599 2090 653 2180 ,εἰη
681 2090 920 2172 alphabeticum,
951 2089 1118 2171 potuerunt
1148 2089 1327 2156 antecedere

229 2188 389 2254 Aeolosico
412 2190 621 2272 Amphiaraus
642 2190 819 2274 Anagyrus.
873 2191 916 2268 at,
946 2188 1028 2273 quod
1054 2189 1154 2255 fusius
1175 2189 1327 2272 explicare

228 2307 289 2362 non
310 2290 401 2354 huius
422 2290 481 2355 loci
503 2291 558 2368 est,
592 2310 662 2355 oum
688 2289 753 2355 illic
787 2290 926 2355 ordinem
956 2289 1090 2356 valuisse
1122 2290 1270 2373 suspicor,
1293 2292 1327 2356 ut

202 2390 402 2472 temporum
429 2390 549 2456 ratione
580 2390 742 2456 observata
767 2390 1001 2473 disponerentur
1028 2391 1152 2457 fabulae
1172 2390 1206 2455 in
1228 2391 1326 2457 altero

227 2490 383 2555 volumine
395 2510 471 2573 quas
486 2509 549 2569 suo,
565 2491 598 2554 in
612 2491 709 2556 altero
728 2510 804 2574 quas
826 2491 958 2556 aliorum
980 2492 1104 2557 nomine
1125 2491 1159 2555 in
1181 2509 1325 2559 scaenam

227 2589 315 2671 poeta
337 2589 526 2668 tradidisset,
548 2591 584 2653 ut
606 2590 734 2654 alterius
757 2589 892 2673 primum
906 2591 1009 2656 locum
1025 2590 1322 2673 tenerethpulones
1366 2650 1368 2657 .

226 2687 354 2752 alterius
376 2687 598 2756 Acharnenses.
639 2690 883 2775 Byzantinorum
904 2709 976 2756 vero
999 2689 1103 2755 aetate
1125 2709 1195 2755 cum
1218 2690 1326 2756 ordine
1366 2680 1368 2685 ’

224 2805 349 2870 prorsus
369 2788 469 2854 alieno
492 2790 531 2854 ab
542 2790 752 2855 Alexandrino
765 2790 937 2857 comoedias
959 2790 1096 2874 digestas
1119 2809 1183 2856 esse
1205 2791 1325 2858 codices

226 2884 366 2966 doceant,
388 2888 633 2955 Acharnensium
656 2891 814 2956 exordium
837 2891 910 2956 ante
931 2890 1179 2976 Byzantinorum
1199 2910 1325 2975 operam
1366 2884 1368 2975 ξ

225 2987 416 3055 intercidisse
438 2990 515 3054 satis
537 2992 620 3056 certo
642 2990 820 3075 conligitur.
1366 2982 1368 2995 '

330 3155 452 3212 ¹Aliter
470 3158 556 3212 sentit
573 3157 621 3227 qui
649 3173 739 3228 nuper
766 3157 869 3214 librum
897 3156 1065 3229 conscripsit
1091 3157 1127 3213 de
1153 3157 1326 3216 Liberunum
1366 3116 1368 3137 Ι

224 3243 374 3298 atticorum
383 3245 565 3315 temporibus.
585 3263 640 3315 quo
653 3245 682 3300 in
699 3241 782 3313 libro,
800 3250 831 3302 ut
842 3246 967 3303 breviter
980 3246 1079 3316 dicem,
1098 3246 1168 3303 nihil
1186 3251 1230 3303 ent
1249 3248 1325 3320 qnod

224 3329 349 3401 probem·
