2752 4794
591 1253 622 1336 I.

183 1528 239 1592 DE
261 1526 461 1593 PRISTINO
474 1526 827 1594 noHnRNuNslVM
849 1525 1045 1593 EXORDIO.

161 1743 278 1808 Mirum
299 1741 448 1824 estquod
481 1760 586 1807 eorum
615 1742 669 1824 qui
702 1742 882 1808 offensiones
904 1744 1156 1828 circumspiciunt

33 1828 91 1898 '¹11
128 1843 347 1926 Aristophanis
382 1841 547 1907 comoediis
576 1860 665 1906 nemo
696 1842 733 1906 de
756 1842 879 1925 integra
911 1843 1156 1912 Achamonsium

44 1943 242 2009 condicione
256 1943 422 2010 dubitavit.
446 1944 518 2007 sunt
533 1943 615 2007 enim
636 1962 716 2025 quae
737 1944 769 2008 in
791 1945 939 2027 primaria
961 1947 1017 2012 illa
1038 1948 1157 2013 invenis

52 2046 169 2114 noerae
188 2045 296 2110 fabula
327 2045 376 2110 vel
406 2045 575 2126 patientem
605 2045 715 2109 merito
737 2045 894 2110 offendant
923 2047 1083 2114 oredulove
1103 2070 1158 2133 pa·

61 2156 131 2210 rum
154 2145 315 2211 eredibilia
337 2145 525 2216 videantur,
552 2146 663 2227 quibus
693 2147 719 2210 si
748 2147 817 2228 quis
841 2147 945 2230 legens
963 2150 1159 2216 animadver-

67 2239 164 2313 tendis
185 2240 378 2325 abstinuerit,
411 2247 442 2309 in
475 2246 558 2310 calce
587 2246 712 2311 fabulae
737 2247 769 2310 et
795 2246 849 2312 ille
869 2247 1044 2329 haesitabit,
1067 2250 1158 2316 dum·

68 2349 153 2414 modo
176 2347 376 2413 scholiastam
399 2345 596 2411 consuluerit.
648 2347 702 2429 qni
725 2347 764 2412 ad
786 2366 909 2412 versum
930 2348 1054 2414 fabulae
1078 2352 1157 2416 1228

162 2441 299 2533 τήνελλα
331 2445 412 2530 δῆτ’,
434 2437 528 2527 εἴπερ
548 2443 656 2522 καλεῖς
688 2443 726 2528 γ’,
756 2430 782 2509 ὦ
812 2444 947 2530 πρέσβυ,
978 2447 1158 2528 καλλίνικος

64 2549 154 2615 haece
174 2548 304 2613 adnotat
988 2619 991 2625 ,

163 2633 189 2711 ὦ
216 2645 357 2730 πρέσβυ]
380 2669 494 2729 concon
515 2668 573 2729 γαρ
602 2650 782 2713 enerciaco
804 2646 960 2732 πρέσβυν,
988 2645 1072 2733 πρὸς
1101 2651 1162 2738 τὴν

60 2752 195 2836 γυναῖκα
216 2741 442 2831 διαλεγόμενος
463 2745 497 2812 ἐν
514 2738 596 2836 α’ρχῇ
618 2749 677 2812 τοῦ
698 2743 869 2830 δράματος.

59 2852 172 2916 itane?
194 2849 429 2931 conloquiturne
441 2850 474 2912 in
487 2848 578 2913 initio
589 2848 713 2914 fabulae
724 2869 794 2914 cum
805 2850 1158 2934 muliereDieaeopolis?

58 2951 191 3017 minime
211 2949 418 3032 conloquitur.
473 2968 529 3015 neo
558 2951 631 3014 sunt
653 2951 791 3017 mulieris
812 2953 914 3035 partos
936 2952 996 3016 nisi
1016 2954 1049 3016 in
1071 2971 1159 3034 pera·

59 3053 165 3138 gendo
185 3054 319 3134 pompa¹
341 3051 543 3133 spectatricis,
565 3051 614 3115 his
634 3053 798 3136 aconiuge
819 3055 920 3119 verbis
942 3053 1159 3135 compellatae:

164 3155 225 3217 262
248 3146 287 3216 or)
310 3150 337 3216 δ’
360 3136 387 3214 ολ
408 3144 498 3234 γυναι
518 3153 592 3215 θεοῦ
613 3151 646 3232 μ’
669 3146 736 3216 ἀπὸ
756 3155 814 3218 τοῦ
834 3152 955 3238 τέγους.

60 3254 146 3337 quod
169 3272 267 3335 neque
288 3254 334 3318 est
358 3252 556 3335 conloquium
572 3271 669 3334 nequo
684 3254 730 3318 est
744 3255 777 3318 in
792 3255 915 3322 fabulae
926 3255 1026 3333 initio,
1048 3256 1160 3338 quippe

59 3357 114 3423 oui
136 3356 270 3421 adscribi
291 3374 369 3438 quae
393 3354 543 3437 parodum
565 3356 735 3437 sequuntur
749 3359 903 3439 nequeant
911 3360 933 3422 ².
967 3376 1066 3440 porro,
1081 3356 1159 3421 illud

60 3459 100 3524 ut
133 3457 330 3538 conloquium
362 3475 426 3520 esse
458 3454 642 3520 concedatur
666 3490 705 3500 -
729 3456 810 3538 quod
838 3476 900 3522 non
920 3457 1099 3523 conceditur
1122 3492 1156 3503 —

61 3577 127 3625 non
149 3558 291 3622 uersatur
322 3556 414 3621 cardo
444 3556 508 3620 eins
532 3556 565 3619 in
586 3555 815 3637 Dicacopolidis
835 3558 1000 3637 senectute,
1023 3558 1055 3622 id
1079 3557 1161 3640 quod

61 3656 223 3740 significat
257 3649 371 3721 tuendo
398 3651 580 3720 ὑπετίθετο
609 3653 762 3738 πρέσβυν.
804 3658 878 3723 ‘nam
898 3675 1000 3722 senem
1023 3657 1163 3740 quemvis

61 3777 129 3823 esse
160 3757 247 3821 cuius
276 3756 341 3822 lilia
369 3755 538 3821 adoleverit
566 3755 641 3837 (254
663 3756 723 3840 sq.)
753 3776 841 3824 nemo
870 3757 1042 3823 contendet.
1090 3757 1163 3839 quid

169 4000 178 4030 ¹
197 3997 362 4052 Rectissime
378 3997 451 4051 onim
462 4015 558 4052 versus
570 3999 694 4052 ana-58
704 3998 896 4068 Dicacopolidi
906 3997 1054 4052 Elmnleins
1075 3998 1160 4054 dedit.

167 4085 417 4140 ²Scholiartarnm
445 4086 474 4139 in
502 4085 590 4139 initiis
624 4085 781 4140 fabularum
811 4085 1003 4156 nuncupandis
1030 4103 1111 4140 usum
1138 4087 1161 4142 ei

62 4175 201 4245 exemplis
220 4175 403 4245 comprobare
425 4173 521 4240 refert,
540 4173 604 4228 ride
621 4173 705 4228 schol.
723 4174 794 4229 Aah.
813 4176 874 4230 866.
891 4174 953 4229 Ρου.
974 4174 1026 4228 724
1046 4173 1081 4229 al.

993 4283 1009 4346 1
