2752 4794
595 365 616 427 3

55 553 139 620 miro
160 554 195 619 in
222 552 330 619 fabula
357 551 459 618 officio
481 552 662 635 Amphithei
691 572 820 635 persona
841 553 1001 638 fungatur,
1023 566 1085 621 non
1105 555 1156 620 lu-

56 653 145 720 dicro
166 653 222 719 illo
240 653 474 736 comoediaeque
496 653 705 733 condonando,
728 654 781 719 sed
803 655 884 737 quod
902 657 933 721 et
955 656 1081 721 consilio
1104 655 1157 720 de-

56 755 213 820 stituatur
234 756 266 820 et
286 755 360 837 apto
383 773 453 818 cum
476 754 585 819 ceteris
600 773 724 819 conexu.
758 755 872 820 etenim
884 756 1019 820 excritur
1029 757 1156 839 ignotus

58 855 253 938 aprincipio
274 855 416 920 omnibus
438 855 656 937 praelatusque
677 854 715 919 de
729 854 849 938 origine
870 874 926 920 sua
947 856 1056 936 multa,
1079 876 1157 940 quae

58 973 97 1021 ne
126 955 194 1038 ipsa
217 955 342 1038 quidem
363 955 441 1019 serio
463 954 548 1020 dicta
577 955 731 1033 videntur,
761 955 870 1020 statim
895 957 1069 1039 sagittariis
1090 958 1158 1021 tra-

30 1118 37 1129 ,
59 1055 146 1120 ditus
161 1055 336 1120 abducitur.
359 1056 430 1138 paci
444 1055 553 1120 deinde
569 1055 724 1137 parandae
739 1055 985 1138 aDicaeopolide
1000 1056 1158 1123 adhibitus

59 1154 226 1237 conloquio
244 1155 374 1220 mirifico
395 1154 480 1220 brevi
502 1156 532 1219 ct
553 1154 586 1218 in
606 1155 714 1237 primis
737 1155 930 1219 memorabili
944 1157 1067 1237 peracto
1084 1156 1159 1220 hoce

102 1255 165 1318 129
186 1245 254 1318 aar
277 1245 466 1341 Ἀμφίθεός
486 1278 544 1336 μοι
565 1255 632 1317 ποῦ
654 1254 753 1329 ’casm
784 1257 831 1319 A.
856 1247 973 1319 οὑτοσὶ
994 1249 1094 1338 πάρα.

184 1358 223 1420 Δ.
244 1353 318 1437 ἐμοὶ
341 1350 380 1420 σύ
402 1353 537 1419 ταυτασὶ
558 1348 666 1434 λαβών
688 1346 774 1418 ὀκτώ
797 1350 940 1437 δραχμὰς

181 1452 327 1533 σπονδὰς
346 1448 473 1540 πόησον
492 1450 577 1538 πρὸς
597 1453 879 1536 Λακεδαιμονίους
898 1450 988 1541 μόνῳ

182 1557 237 1622 καὶ
261 1562 346 1624 τοῖσι
370 1557 532 1624 παιδίοισι
555 1558 609 1622 καὶ
628 1561 668 1648 τῇ
687 1553 820 1624 πλάτιδι

60 1658 239 1725 obedienter
270 1661 389 1724 iussum
418 1661 578 1742 exequitur
609 1680 701 1743 reque
732 1660 872 1726 celeriter
901 1663 1078 1743 perpetrata
1110 1662 1156 1727 ita

59 1759 226 1838 evanescit,
248 1760 284 1824 ut
306 1760 460 1825 dubitatio
487 1762 648 1826 moveatur
671 1781 765 1844 quam
786 1780 878 1843 supra
900 1762 1062 1844 tetigimus
1085 1780 1158 1844 gra·

59 1880 199 1927 sissima.

163 1959 365 2026 Concedimus
399 1961 480 2025 certe
501 1960 676 2026 comoediae
697 1959 834 2043 fingendi
857 1980 935 2043 quae
956 1960 1099 2043 placeant
1120 1960 1157 2024 li·

60 2061 200 2126 centiam
215 2061 419 2143 nolumueque
435 2062 469 2125 in
491 2063 532 2126 eis
554 2062 661 2126 haberi
683 2061 737 2143 qui
758 2081 836 2143 quae
858 2061 1060 2126 severioribus
1081 2061 1158 2126 artis

60 2162 203 2244 poeticae
232 2162 352 2244 legibus
384 2162 488 2226 obesse
518 2161 682 2227 rideantur
711 2161 815 2226 sedulo
849 2161 1012 2226 rimantur.
1062 2161 1157 2229 immo

58 2261 233 2346 gaudemus
254 2261 436 2343 Amphithei
461 2261 624 2326 velocitate
650 2281 705 2326 nec
729 2280 932 2344 gravaremur
955 2260 1156 2326 mirabiliora.

59 2361 115 2428 sed
148 2362 247 2427 altera
279 2362 372 2426 uelim
400 2362 434 2426 in
467 2362 551 2426 omni
582 2360 762 2426 Atticorum
788 2361 945 2426 comoedia
978 2360 1158 2426 ostendatur

59 2481 202 2546 persona,
235 2481 314 2545 quae
353 2481 423 2526 cum
458 2462 489 2525 in
519 2462 671 2526 actionem
709 2463 861 2526 nescimus
896 2461 977 2526 unde
1004 2459 1157 2539 inciderit,

58 2562 165 2629 officio
193 2563 234 2627 ad
264 2563 388 2628 fabulae
419 2563 639 2646 argumentum
667 2563 837 2628 necessario
868 2563 975 2628 functa
997 2563 1159 2627 evanescat

58 2682 124 2728 non
152 2662 254 2726 miuus
285 2663 449 2746 ignorante
478 2662 658 2744 spectatore,
693 2679 839 2744 quorsum
866 2661 1020 2728 exciderit.
1074 2660 1158 2725 vides

60 2780 124 2846 quo
147 2761 289 2826 tendam:
312 2761 504 2826 intercidisse
525 2761 644 2842 aliquid
666 2761 698 2825 in
720 2761 844 2826 fabulae
865 2762 955 2826 initio
978 2761 1083 2825 docuit
1104 2779 1159 2825 nos

60 2861 160 2927 schol.
184 2862 282 2936 12283
313 2860 408 2925 fuisse
431 2860 680 2942 Dicaeopolidem
707 2861 789 2925 inter
810 2862 841 2925 et
862 2859 1087 2943 Amphitheum
1106 2879 1157 2924 co·

60 2982 175 3029 nerum
198 2961 352 3044 quendam
372 2981 428 3027 nec
449 2962 673 3045 spectatoribus
694 2981 792 3044 neque
804 2961 1054 3026 Acharnensibus
1068 2960 1158 3044 igno-

59 3067 133 3130 tum
154 3083 171 3128 e
190 3084 219 3128 r.
239 3064 300 3127 239
316 3063 516 3147 conligimus;
539 3082 660 3128 onmem
675 3062 857 3144 Amphithei
869 3050 1031 3143 personam
1046 3059 1160 3124 artiore

60 3165 139 3231 olim
161 3164 285 3229 vinculo
308 3183 379 3228 cum
400 3163 524 3228 fabulae
546 3164 729 3247 argumento
742 3161 937 3226 coniunctam
948 3161 1042 3226 fuisse
1055 3178 1160 3242 reapse

62 3265 287 3340 intelleximus;
318 3264 397 3328 illud
431 3263 562 3346 denique
584 3265 751 3346 utrumque
779 3261 974 3349 aptissimum
997 3262 1069 3326 ante
1091 3279 1158 3325 earn

63 3385 145 3452 quae
165 3385 248 3430 nunc
270 3366 376 3449 agitur
396 3365 535 3430 fabulam
557 3365 660 3429 locum
681 3365 791 3430 habet:
829 3362 902 3446 quid
924 3363 1022 3447 igitur
1044 3361 1160 3425 mirum

64 3467 147 3552 quod
170 3466 296 3549 periisse
317 3466 449 3548 primam
472 3484 614 3530 scaenam
635 3465 725 3530 nobis
739 3465 946 3547 persuasimus
960 3462 1161 3543 futurumque

64 3569 159 3634 fluisse
191 3568 227 3630 ut
262 3567 384 3631 servata
415 3565 471 3631 illa
503 3585 607 3632 omnes
641 3585 719 3649 quas
746 3564 951 3630 indicavimus
981 3562 1161 3627 offensiones

64 3668 271 3734 tollerentur?

164 3769 273 3851 Neque
282 3768 356 3832 dum
371 3768 475 3832 omnia
486 3769 605 3832 executi
615 3787 721 3832 sumus
732 3766 870 3849 perditae
882 3783 1009 3830 scaenae
1018 3763 1160 3846 vestigia.

61 3872 98 3936 in
122 3870 235 3952 quibus
257 3869 361 3934 forsan
382 3867 535 3933 habeatur
555 3867 638 3950 quod
659 3866 699 3932 ad
721 3885 845 3931 versum
866 3865 957 3930 Pacis
982 3865 1063 3928 1008

318 3965 464 4056 Μορύχῳ
489 3967 590 4056 Τελέᾳ
605 3974 634 4031 Γ
632 3966 768 4054 λαακέτῃ
790 3956 901 4044 ἄλλοις

322 4070 457 4147 τένθαις
478 4068 616 4145 πολλοῖς

64 4175 233 4242 scholiasta
258 4173 403 4239 adnotat:
