2752 4794
725 327 766 393 36

195 508 415 596 χειροτονητοὶ
444 499 597 595 ἄρχοντες
616 505 681 577 xri.
720 512 761 575 30
788 504 922 577 ἐπειδὰν
956 503 1113 600 &aipein
1136 533 1186 590 τις
1213 505 1297 589 τούς

197 605 265 678 tat
288 612 346 679 τοῦ
370 604 477 696 δῆμον
498 608 820 696 κεχειροτονημένους
845 609 900 676 καὶ
920 605 997 690 τούς
1017 599 1257 697 κληρωτούς”
1231 634 1297 695 αρ-

197 735 321 793 χοντας,
349 701 659 778 καταλείπονται“
621 735 678 790 ους
696 735 731 777 αι
719 705 851 798 φυλαὶ
879 710 933 776 καὶ
951 705 984 776 αἱ
1009 705 1155 796 τριττύες
1177 709 1232 777 καὶ
1260 734 1295 777 οι

197 812 298 898 δῆμοι
317 805 412 894 ἐξ
372 805 663 895 monetmonet
683 806 724 875 τὰ
743 806 883 897 δημόσια
902 805 1049 897 χρήματα
1077 809 1293 896 διαχειρίζειν.

295 914 363 980 ideo
385 933 456 981 oum
476 934 495 980 a
516 913 683 979 scholiasta
705 913 818 981 diserto
839 914 1056 996 nuncupentur
1078 907 1109 978 oi
1129 911 1294 998 κληρωτοὶ

196 1013 251 1079 καὶ
272 1013 494 1128 χειροτονητοὶ
514 1002 675 1097 ἄρχοντες,
708 1014 836 1097 apparet
859 1015 975 1081 eeteros
998 1013 1138 1081 masolio
1166 1013 1292 1081 relictos

198 1119 262 1178 esse
283 1114 314 1178 et
335 1113 373 1178 do
394 1114 437 1179 eis
461 1114 585 1179 tanturn
608 1114 661 1197 agi
684 1132 815 1197 quorum
836 1133 901 1179 rem
923 1132 1011 1179 suam
1033 1114 1130 1196 ipsius
1152 1132 1217 1181 esse
1238 1132 1294 1197 po·

196 1213 287 1296 pulos
299 1213 473 1281 existimare
483 1214 680 1297 potueri
663 1213 803 1280 o..fDem
815 1213 902 1293 XXI
914 1216 1004 1279 32-
966 1206 1291 1296 -ὅτιτούςνόμους

195 1302 296 1401 pop‘
278 1338 296 1380 ο
318 1317 416 1380 τοῦτο
447 1317 556 1381 ποιῶν
583 1318 733 1400 προσυβρ
735 1312 819 1435 iudet
829 1314 883 1380 καὶ
910 1310 968 1380 τὸν
999 1309 1155 1399 ὑμέτερον
1180 1310 1290 1381 κοινὸν

196 1412 357 1502 στέφανον
370 1439 425 1480 και
444 1410 489 1481 τό
510 1437 581 1502 της
602 1404 819 1492 πόλεως”
799 1439 950 1498 ονομα.
995 1409 1110 1500 ὃχᾶρ
1134 1419 1289 1499 θεσμο-

196 1505 812 1603 θέτηςοῦδενὸςᾶνθρῶιτων
833 1505 1202 1599 ἐ’στ’ὂ’νομα,ἇλλὰ
1218 1516 1290 1604 τῆς

195 1610 367 1695 πόλεως.
408 1617 450 1683 ib.
473 1618 514 1682 34
534 1617 633 1684 τοῦτο
661 1616 688 1682 6'
713 1615 783 1682 ἐστὶ
801 1619 859 1702 τῆς
880 1611 1011 1694 πόλεως
1031 1618 1063 1682 et
1086 1618 1145 1682 127
1167 1653 1207 1664 -
1231 1607 1290 1698 οὐχ

197 1709 243 1794 ὥς
263 1711 346 1801 ὑπὲρ
367 1715 448 1800 ἐμοῦ
469 1704 564 1794 ι’)’ντος
585 1712 687 1799 μόνον
707 1718 767 1782 τοῦ
787 1709 884 1801 λόγου
903 1709 961 1802 τὴν
982 1708 1080 1801 ὀρηΐν
1103 1711 1198 1800 ἔχειν,
1220 1706 1287 1780 ἄλλ’

196 1809 242 1894 ὥς
263 1813 297 1880 ἒν
316 1806 423 1902 ταύτῷ
444 1817 511 1880 τῶν
532 1808 650 1899 νόμων,
672 1804 840 1900 τοῧθεοῦ,
860 1817 918 1902 τῆς
938 1809 1077 1894 πόλεως,
1102 1808 1186 1898 ὁμοῦ
1207 1809 1288 1880 πάν-

195 1936 262 1978 των
282 1905 482 2002 ἠδικημένων
503 1910 568 1980 κτὲ.

293 2017 400 2101 itaque
432 2037 502 2083 oum
531 2019 685 2084 sinoorum
715 2016 798 2100 apud
826 2015 1025 2081 scholiastam
1056 2033 1165 2081 musae
1193 2035 1288 2101 argu·

194 2116 332 2184 mentum
354 2119 512 2185 servatum
532 2119 582 2197 sit,
604 2117 767 2183 accusatus
786 2119 832 2182 est
845 2115 1067 2199 Aristophanes
1085 2115 1165 2199 quod
1189 2116 1289 2200 magi-

193 2218 344 2285 stratibus
356 2238 375 2284 a
385 2218 498 2302 populo
513 2217 693 2283 constitutis
703 2218 862 2300 praesente
880 2215 1033 2280 sociorum
1043 2216 1136 2281 turba
1151 2214 1289 2289 inludere

180 2317 256 2383 'non
273 2317 390 2383 veritus
410 2319 462 2383 sit.
489 2336 681 2403 quaequam
704 2317 828 2402 egregie
850 2315 1037 2381 conveniant
1052 2333 1121 2380 oum
1145 2315 1188 2380 eis
1211 2333 1289 2399 quae

194 2420 228 2482 in
250 2417 501 2485 tharnensibus
521 2417 686 2503 leguntur:

292 2516 391 2600 ξένων
414 2518 588 2602 παρόντων
610 2514 670 2604 τήν
691 2511 789 2584 πόλιν
810 2520 919 2598 κακῶς
939 2517 1021 2606 λέγω

132 2644 146 2675 ν
194 2619 225 2683 et
528 2628 531 2633 ’

225 2712 272 2796 αἷς
293 2718 447 2805 κωμῳδεῖ
465 2715 526 2805 τήν
547 2714 651 2786 πόλιν
663 2714 757 2806 ἡμῶν
779 2719 833 2784 καὶ
852 2716 911 2787 τὸν
932 2720 1035 2805 δῆμον
1056 2720 1257 2804 καθυβρίζει,

191 2819 257 2885 iem
285 2839 346 2886 non
373 2821 493 2904 oportet
522 2821 662 2904 pluribus
690 2820 942 2886 demonstremus.
993 2821 1065 2887 (ileo
1094 2840 1164 2887 sero
1195 2840 1288 2904 quam

193 2920 388 2986 uehementer
414 2921 525 2986 illud
515 2941 616 3007 rpsum
645 2940 749 2987 eorem
774 2922 885 3036 populo
907 2920 1166 2987 demonstraverit
1195 2920 1287 2987 fidem

192 3017 313 3083 faciunt
335 3038 414 3102 quae
434 3021 553 3087 dorin
492 3021 745 3088 rmiaorimonie
767 3021 890 3086 seimus.

292 3118 353 3185 Sed
374 3137 445 3186 oum
465 3121 503 3187 de
518 3123 646 3188 orimine
668 3123 790 3188 constet
811 3121 893 3204 quod
908 3120 1111 3202 Aristophani
1131 3119 1285 3184 obiectum

191 3218 295 3298 merit,
318 3239 378 3286 non
401 3223 524 3287 oonstet
546 3223 652 3287 utrum
674 3223 756 3306 quod
777 3223 867 3305 poeta
889 3221 1084 3287 commiserit
1100 3221 1202 3303 ipsum
1232 3238 1300 3284 sua.

192 3318 262 3402 lege
282 3319 415 3385 vetitum
443 3321 538 3386 fuerit
559 3342 600 3387 an
627 3324 784 3388 eommuni
812 3322 962 3388 feriarum
990 3322 1139 3405 legeque
1170 3319 1300 3404 linguis

193 3418 335 3484 omnibus
365 3420 531 3519 fouendum
561 3425 637 3488 erat.
682 3422 764 3506 quod
793 3441 862 3487 oum
885 3423 983 3505 possit
1008 3423 1084 3487 satis
1107 3423 1192 3486 oerta
1214 3438 1300 3502 oon-

192 3519 310 3584 ieotnra
333 3521 477 3604 expediri,
499 3523 680 3589 certioribus
702 3543 763 3589 non
784 3523 983 3589 destituimur
1007 3522 1202 3588 testimoniis.

290 3622 323 3684 in
343 3622 448 3688 libello
476 3624 558 3689 enim
587 3643 678 3707 quom
702 3625 739 3690 de
759 3643 792 3690 re
823 3625 947 3706 publiea
968 3623 1205 3689 Atheniensium
1228 3622 1300 3687 011-

191 3721 377 3802 garohorum
399 3723 512 3806 aliquis
545 3724 713 3790 atticorum
734 3726 765 3790 et
784 3725 851 3790 aori
872 3725 1030 3807 praeditus
1051 3725 1082 3789 et
1105 3724 1214 3789 aoerbo
1240 3723 1300 3787 in·-

190 3820 282 3902 gonio
310 3823 384 3888 beili
405 3824 657 3908 Peloponnesiaci
667 3827 825 3910 tempore¹
847 3825 1016 3890 etflorente
1028 3825 1129 3891 adhue
1144 3823 1300 3908 populari

190 3919 384 3987 Athenarum
406 3924 535 4008 imperio
573 3927 764 4010 conscripsit,
794 3929 871 3994 haee
897 3927 1045 4011 leguntur
1072 3925 1105 3990 Π
1135 3926 1191 3992 18:

292 4144 302 4177 ¹
320 4141 480 4202 Effeoerunt
498 4145 528 4200 id
547 4147 601 4202 viri
620 4147 704 4205 dooti
723 4148 759 4207 oi.
775 4148 900 4207 Roscher
918 4149 952 4205 de
971 4149 1057 4205 Thus.
1075 4147 1160 4209 15³8
1178 4165 1218 4220 sq.
1236 4146 1285 4224 qui
