2752 4794
680 338 721 403 29

146 522 234 608 quod
269 522 481 611 praesentibus¹
514 520 605 586 sociis
637 521 745 586 urbem
777 519 1001 604 Aristophanes
1035 523 1243 590 calumniatus

144 625 238 690 esset.
257 621 518 706 praemittendum
540 621 598 686 hoo
619 621 782 686 videbatur
803 640 864 704 quo
885 621 1021 688 firmiore
1040 623 1241 691 fundamento

148 723 320 807 disputatio
335 723 493 789 niteretur.
517 723 556 788 ad
573 723 800 790 inlustrandam
810 725 894 790 enim
908 725 975 792 litis
990 726 1075 792 illius
1096 728 1241 795 naturam

147 822 315 906 partesque
332 823 365 887 et
387 820 509 889 Cleonis
530 824 561 888 et
580 810 797 906 Aristophanis
817 825 899 891 iuste
920 826 1127 893 aestimandas
1147 847 1243 912 argu-

150 923 254 990 menta
274 921 396 1006 oportet
416 922 521 1005 paullo
541 924 664 1007 longius
687 926 868 1007 repetamus.
921 982 924 986 .

247 1019 473 1105 Aristophanes
505 1021 604 1108 igitur
635 1023 667 1087 in
702 1024 825 1106 publico
858 1024 973 1092 civium
994 1029 1240 1114 peregrinorum·

151 1142 205 1207 que
240 1141 383 1210 censeam
414 1142 475 1188 non
508 1121 671 1189 serebatur
713 1125 833 1206 patriae
864 1127 1055 1208 maledicere,
1093 1131 1240 1199 instituta

151 1225 211 1290 eius
244 1241 300 1288 ssu
330 1224 414 1306 leges
446 1240 500 1288 seu
531 1223 752 1307 gubernatores
787 1227 961 1310 vituperare
1003 1229 1168 1312 odiumque
1209 1233 1241 1297 et

151 1324 226 1390 irem
263 1324 416 1389 sociorum
457 1324 598 1390 oscitare.
651 1327 757 1390 nostro
788 1344 879 1391 mrsu
914 1327 940 1391 si
972 1328 1079 1395 liceret
1104 1331 1242 1396 vetemm

151 1440 248 1488 nores
279 1423 451 1502 aestimare,
483 1422 640 1506 flagitium
659 1423 737 1488 iilud
765 1442 963 1506 censeremus,
996 1427 1078 1510 quod
1110 1431 1137 1493 si
1170 1430 1239 1512 quis

151 1526 255 1606 poetae
276 1522 438 1602 condonet,
459 1523 520 1588 civi
544 1541 604 1588 non
628 1525 675 1588 est
699 1525 944 1591 condonandum.
993 1528 1047 1593 sed
1069 1528 1239 1596 Athenien·

150 1626 226 1690 sium
247 1625 282 1690 in
302 1624 420 1690 talibus
451 1624 702 1689 consuetudinem
734 1626 838 1708 reique
870 1627 1012 1708 publicae
1041 1628 1126 1695 illius
1157 1633 1238 1695 tern-

150 1726 228 1807 poris
251 1724 460 1791 condicionem
481 1724 684 1790 recordemur.
719 1715 796 1790 satis'
817 1726 900 1791 onim
921 1729 1040 1793 certum
1054 1730 1107 1794 est
1128 1731 1238 1812 quinto

149 1845 173 1891 a.
197 1825 268 1891 Chr.
291 1825 413 1892 saeculo
437 1825 558 1906 praetor
580 1823 725 1906 Spartam
746 1845 785 1890 ne
806 1827 902 1892 ullam
935 1828 1059 1910 quidem
1090 1842 1261 1912 umquem·

149 1925 294 1992 Graeciae
316 1925 485 2002 civitatem,
513 1924 626 1989 nedum
659 1925 806 2005 Athenas,
838 1945 873 1991 eo
906 1929 1078 2009 pervenisse
1110 1932 1146 1994 ut
1180 1933 1237 1997 aut

147 2027 251 2110 populi
272 2028 329 2098 aut
350 2025 548 2109 optimatium
569 2026 698 2106 imperio
720 2027 857 2090 contenti
878 2029 996 2110 patriae
1017 2029 1112 2094 saluti
1133 2049 1238 2097 omnes

146 2127 315 2206 studerent,
349 2127 445 2191 immo
473 2124 604 2190 Athenis
625 2125 675 2191 vel
703 2145 756 2208 per
777 2126 851 2191 belli
871 2145 1035 2194 aerumnas
1053 2147 1124 2195 cum
1145 2130 1240 2196 Lace-

144 2225 303 2292 daemonis
334 2225 441 2290 iecisse
467 2219 650 2309 oligarclios.
691 2227 745 2309 qui
764 2245 835 2291 oum
856 2228 975 2310 patriae
985 2229 1159 2311 proditores
1172 2231 1238 2297 iure

144 2325 328 2404 habeantur,
362 2345 400 2390 ne
429 2326 572 2390 honestos
609 2325 735 2408 quidem
766 2327 969 2410 superbientis
989 2329 1145 2412 popularis
1177 2331 1237 2396 im-

141 2427 222 2510 perii
244 2426 386 2492 inimicos
400 2425 565 2492 laudandis
585 2426 896 2493 Lacedaemoniorum
917 2427 1070 2495 institutis
1092 2432 1237 2498 incusen-

141 2528 255 2611 disquc
286 2525 462 2593 domesticis
497 2527 683 2593 abstinuisse
712 2527 835 2594 scimus.
888 2529 1007 2612 primus
1033 2529 1112 2596 illud
1133 2550 1246 2598 rorum·

138 2628 354 2695 laconiccrum
379 2627 517 2694 studium
540 2626 626 2694 Cimo
652 2627 749 2693 coluit
778 2627 875 2709 (Plus.
899 2629 977 2696 Cim.
1000 2629 1039 2695 X.
1061 2627 1146 2698 XIV.
1166 2624 1251 2698 XV.'

137 2729 214 2794 Per.
230 2728 300 2811 IX),
323 2727 471 2792 diuturna
486 2727 538 2792 ille
561 2747 718 2793 armorum
739 2728 887 2793 socictate
908 2730 1053 2812 omnique
1073 2731 1236 2801 voluntate

137 2828 342 2910 consiliisque
363 2846 442 2909 quae
463 2827 500 2891 de
522 2826 694 2910 republica
713 2827 847 2894 habebat
864 2829 1089 2911 Spartanorum
1106 2832 1235 2912 amicus,

136 2929 232 2994 cuius
251 2929 375 2993 animus
397 2927 530 2992 multum
563 2928 726 2993 abhorruit
746 2949 765 2994 a
785 2928 877 2994 malis
900 2930 1078 3012 aequalium
1099 2933 1237 3013 postero·
1310 2935 1316 2944 “

134 3047 275 3112 rumque
294 3028 523 3111 oligsrchorum
533 3027 652 3093 artibus
672 3027 781 3110 (Thur.
794 3030 820 3109 I,
835 3030 904 3094 107.
927 3030 1013 3094 Plut·
1027 3030 1106 3096 Cim.
1116 3031 1234 3115 XVII).

139 3131 235 3212 atqui
256 3130 352 3212 ipsius
375 3128 510 3195 Cimonis
534 3131 722 3196 auctoritate
744 3131 862 3196 lactum
895 3149 958 3196 esse
992 3131 1178 3196 coniecimns
1198 3133 1235 3195 ut

134 3233 348 3314 inposterum
372 3232 591 3297 certaminibus
613 3231 770 3296 comoedia
790 3231 963 3296 haberetur.
1011 3232 1083 3295 utut
1102 3233 1158 3311 est,
1183 3231 1236 3297 Ci-

136 3332 245 3399 monei
264 3331 382 3416 ingenii
405 3331 538 3414 vestigia
565 3332 700 3396 tenuisse
733 3330 922 3394 comoediam
947 3329 1164 3412 Aristophanis
1186 3330 1235 3395 fa·

134 3433 234 3501 bulae
261 3434 293 3498 et
320 3413 352 3496 i'n
382 3431 489 3513 primis
518 3431 584 3512 ipsa
608 3428 774 3514 Babylonii
803 3429 975 3495 luoulsnter
996 3429 1115 3494 docent.
1159 3430 1235 3496 haec

135 3532 224 3599 enim
247 3531 293 3596 est
311 3532 470 3596 hominum
495 3533 619 3596 externa
640 3530 847 3612 spectantium
862 3531 976 3612 quique
986 3529 1106 3612 patriae
1119 3529 1235 3595 honora

135 3632 244 3698 maius
275 3630 394 3714 aliquid
428 3631 543 3696 norunt
576 3631 764 3695 consuetudo
791 3631 828 3694 ut
857 3630 1087 3714 psrqgrinorum
1107 3629 1234 3696 auribus

135 3751 203 3800 non
225 3732 444 3814 prohibeantur
464 3732 627 3814 quominus
648 3728 785 3813 ipsorum
808 3729 931 3795 civitati
952 3730 1033 3796 male
1054 3730 1169 3797 dicant.

248 3850 309 3914 qua
336 3833 368 3895 in
390 3850 423 3896 re
445 3831 681 3896 consentaneum
709 3831 755 3895 est
777 3829 920 3895 Cleonem
941 3830 1137 3913 potissimum
1159 3830 1233 3896 Ari·

134 3931 302 4013 stophanis
322 3931 531 3996 adversarium
555 3930 700 3994 extitisse.
735 3931 798 3994 iam
817 3932 902 3996 enim
922 3931 1042 3996 nullum
1065 3949 1128 3998 esse
1142 3931 1231 3996 credo

135 4031 251 4115 quiin
273 4029 395 4095 Cleonis
413 4031 561 4095 memoria
593 4029 693 4112 qualis
726 4051 745 4096 a
779 4031 957 4115 Thucydide
988 4031 1037 4096 rel
1058 4031 1161 4113 potius
1191 4030 1232 4096 ab

135 4130 347 4220 Aristophane
367 4131 485 4196 tradita
516 4132 563 4196 est
583 4130 838 4213 acquiescendum
859 4131 963 4196 ducat.
1019 4129 1231 4215 Thucydidem
